1961 3279
824 113 1090 157 -6-

160 269 216 275 ——
249 243 581 288 insectationes
627 244 682 287 Ε.
728 244 790 288 ΙΙ.
841 244 907 288 12.
938 244 995 288 D.
1026 244 1062 288 Ι.
1095 246 1135 301 2,
1167 244 1233 288 Ι4.
1280 244 1337 288 D.
1367 244 1428 288 Π.
1465 245 1530 301 12,
1563 245 1602 288 3.
1641 244 1747 288 Tac.

159 336 264 365 ann.
287 322 326 376 2,
360 321 431 364 55.
453 346 509 351 —
526 320 835 379 professiones
858 321 964 364 Chr.
995 322 1056 365 ΙΙ.
1088 323 1160 377 44,
1193 324 1220 366 6
1253 326 1301 365 et
1334 323 1373 366 8.
1404 322 1509 365 Liv.
1541 322 1611 376 35,
1647 323 1684 377 7,
1717 324 1757 364 4.

305 397 557 442 Sallustius
589 402 638 442 et
679 398 910 458 imprimis
957 398 1125 443 Livius
1158 403 1204 444 et
1247 399 1438 443 Tacitus
1471 398 1758 444 substantivi

160 476 366 521 concreti
398 476 685 535 singularem
731 492 980 522 numerum
1011 493 1096 538 pro
1129 478 1300 539 plurali
1333 477 1563 523 adhibent
1593 477 1672 533 ita,
1702 480 1757 520 ut

160 555 412 614 singularis
444 555 737 600 collectivam
768 556 867 600 vim
898 556 1080 601 habeat.
1144 557 1379 617 Sulpicius
1412 556 1615 601 Severus
1639 569 1754 599 vcum

159 633 254 677 illis
285 633 550 678 communia
578 634 739 678 habet:
784 634 932 678 hostis
964 634 1070 679 Chr.
1102 636 1137 678 I.
1171 637 1241 691 22,
1277 636 1316 679 5.
1364 635 1473 679 Sall.
1507 635 1606 678 Cat.
1639 636 1679 689 9,
1712 634 1755 682 4·
1848 683 1852 686 ,

159 712 266 758 Liv.
298 713 338 768 6,
372 712 443 768 24,
476 712 514 755 2.
563 711 670 757 Tac.
702 727 808 757 ann.
841 714 880 769 2,
914 713 983 757 55.
1017 739 1072 744 -
1107 713 1240 758 miles
1289 712 1345 757 D.
1371 711 1437 762 ΙΙ.
1486 713 1526 769 6,
1560 708 1614 756 2.
1647 710 1757 755 Sall·

159 789 262 847 Iug.
294 789 365 844 45,
400 790 438 832 2.
469 784 575 833 Liv'.
608 791 648 845 3,
680 790 751 845 42,
784 790 823 832 5.
857 789 963 833 Tac.
995 790 1103 833 hist.
1139 791 1175 845 1,
1208 792 1248 833 4.
1744 803 1749 808 ·

305 866 488 923 Restat,
519 870 574 911 ut
613 865 670 911 de
716 866 1007 925 singulorum
1046 866 1451 913 substantivorum
1490 881 1579 911 usu
1610 879 1757 925 pauca

165 944 386 990 dicamus.
418 944 784 989 Amantissimus
799 949 870 990 est
888 945 1123 1005 Sulpicius
1146 947 1347 991 Severus
1363 945 1504 1000 vocis,
1527 949 1755 1003 „tempes-

162 1025 278 1079 tas“,
295 1037 435 1081 quam
448 1022 520 1067 ita
541 1022 746 1080 adhibet,
764 1027 819 1067 ut
835 1024 1060 1083 temporis
1077 1033 1364 1068 momentum
1382 1023 1625 1082 significet.
1659 1023 1755 1066 Ra-

166 1100 349 1144 rissime
374 1100 443 1144 ita
459 1104 719 1160 usurpatur
735 1103 1040 1161 „tempestas“
1055 1117 1082 1146 a
1095 1102 1328 1158 Cicerone,
1347 1101 1472 1159 quod
1487 1101 1585 1145 eius
1603 1104 1756 1144 aetate

165 1177 281 1222 haec
297 1177 580 1235 significatio
598 1177 811 1223 obsoleta
827 1194 925 1223 esse
940 1179 1197 1238 putabatur
1218 1177 1319 1235 (cfr.
1339 1178 1509 1223 Krebs:
1531 1177 1755 1222 Antibar-

162 1256 342 1310 barus);
366 1254 448 1299 sed
464 1254 728 1312 Sallustius,
752 1256 1050 1314 antiquitatis
1067 1252 1448 1312 studiosissimus,
1471 1270 1572 1300 eam
1594 1255 1652 1299 ab
1674 1270 1754 1299 an-

163 1332 447 1391 tiquioribus
464 1333 769 1391 scriptoribus
780 1338 1023 1377 mutuatus
1041 1338 1124 1390 est,
1142 1348 1281 1391 quem
1299 1334 1448 1378 secuti
1464 1338 1575 1377 sunt
1590 1332 1756 1376 Livius

164 1415 212 1454 et
235 1410 439 1454 Tacitus.
472 1410 668 1469 Sulpicii
702 1411 878 1467 Severi,
912 1426 1032 1468 quae
1053 1411 1363 1455 inveniuntur
1391 1412 1612 1470 exempla,
1645 1415 1755 1454 sunt

163 1488 295 1542 haec;
318 1486 424 1530 Chr.
456 1487 491 1530 1.
516 1488 555 1542 2,
591 1488 628 1531 7.
661 1489 701 1543 4,
736 1490 775 1531 3.
808 1488 848 1543 5,
874 1489 911 1530 2.
935 1488 975 1543 5,
998 1490 1038 1531 4.
1057 1489 1095 1543 8,
1115 1489 1153 1531 2.
1176 1490 1242 1543 11,
1260 1490 1299 1532 8.
1326 1490 1392 1543 13,
1415 1490 1454 1531 3.
1473 1489 1542 1543 27,
1562 1489 1600 1531 2.
1624 1489 1693 1543 28,
1720 1489 1756 1531 1.

166 1565 236 1620 32,
273 1565 309 1607 1.
343 1564 415 1620 33,
451 1565 490 1608 9.
540 1564 609 1620 34,
643 1566 682 1608 3.
731 1565 802 1621 35,
834 1565 875 1608 5.
928 1567 998 1621 36,
1038 1567 1057 1608 1
1092 1569 1139 1609 et
1170 1567 1211 1608 4.
1260 1566 1330 1621 37,
1362 1567 1404 1610 4.
1439 1566 1509 1621 38,
1547 1567 1582 1608 1.
1615 1566 1685 1620 43,
1719 1567 1758 1608 3.

164 1643 236 1698 44,
273 1642 309 1685 1.
341 1640 411 1697 54,
445 1642 485 1685 2.
550 1641 657 1686 Chr.
690 1642 751 1686 Π.
785 1644 824 1698 2,
862 1646 897 1687 1.
948 1644 985 1698 7,
1019 1644 1058 1686 6.
1107 1644 1145 1698 8,
1180 1644 1219 1686 3.
1271 1644 1337 1698 11,
1374 1644 1410 1686 1.
1451 1636 1518 1699 12,
1551 1644 1591 1686 3.
1633 1644 1698 1698 13,
1735 1645 1755 1685 1
1798 1632 1800 1634 ’

165 1724 214 1764 et
247 1721 286 1763 2.
322 1720 389 1775 17,
421 1719 462 1763 5.
512 1720 582 1775 20,
621 1722 639 1763 1
676 1724 725 1764 et
757 1721 797 1764 4.
851 1721 920 1776 23,
958 1723 993 1764 1.
1043 1721 1112 1775 31,
1147 1722 1185 1764 3.
1234 1721 1304 1775 32,
1336 1722 1377 1763 4.
1425 1722 1495 1776 37,
1529 1722 1568 1764 6.
1615 1721 1685 1774 42,
1720 1722 1758 1762 2.

165 1797 237 1852 48,
280 1798 300 1839 1
346 1800 394 1840 et
427 1797 455 1840 5
528 1796 605 1852 50,
648 1798 688 1840 4.
751 1796 795 1840 A
848 1797 1014 1841 ceteris
1067 1797 1373 1856 scriptoribus
1424 1796 1759 1856 posterioribus

166 1874 315 1918 rarius
347 1888 441 1917 vox
473 1876 777 1932 „tempestas“
809 1875 898 1918 hac
929 1874 1272 1932 significatione
1302 1880 1528 1933 usurpata
1559 1879 1641 1918 est.

310 1948 443 1993 Idem
495 1948 744 1995 dicendum
798 1955 870 1995 est
923 1950 981 1995 de
1032 1964 1147 1995 voce
1194 1949 1488 2008 „claritudo“,
1538 1964 1668 2009 quae,
1706 1954 1760 1994 ut

166 2028 318 2070 multa
349 2027 651 2071 substantiva
682 2029 732 2071 in
766 2054 820 2058 —
854 2028 969 2071 tudo
992 2028 1283 2083 desinentia,
1330 2028 1478 2085 magis
1517 2029 1760 2085 magisque

168 2108 369 2149 cesserat
402 2102 675 2148 formationi
706 2104 757 2148 in
790 2131 845 2136 —
878 2110 951 2149 tas
983 2105 1174 2149 exeunti
1206 2109 1349 2163 atque
1371 2104 1586 2150 Ciceroni
1616 2104 1760 2148 inusi-

167 2186 270 2226 tata
302 2196 329 2225 a
362 2181 588 2226 Sallustio
620 2186 840 2227 revocata
872 2187 955 2239 est,
989 2196 1128 2241 quem
1158 2182 1352 2226 Tacitus
1384 2182 1607 2241 sequitur.
1655 2181 1760 2226 Sul-

167 2259 279 2317 picii
310 2259 475 2303 Severi
508 2259 609 2303 duo
650 2265 838 2304 exstant
885 2261 994 2314 loci:
1043 2261 1152 2304 Chr.
1186 2262 1219 2304 Ι.
1255 2262 1322 2316 19,
1356 2262 1384 2304 2
1415 2265 1463 2304 et
1497 2262 1565 2315 19,
1597 2262 1636 2315 9,
1656 2260 1761 2303 duo

169 2350 356 2395 quoque
386 2336 618 2382 Sallustii:
650 2339 756 2396 Jug.
791 2339 830 2394 2,
863 2340 892 2382 4
924 2342 971 2382 et
1011 2340 1048 2394 7,
1082 2339 1121 2394 5,
1154 2338 1413 2398 complures
1436 2338 1606 2394 Taciti;
1639 2336 1762 2396 apud

168 2413 285 2458 alios
317 2413 569 2473 scriptores
600 2414 835 2459 rarissime
865 2414 1120 2460 invenitur.

731 2609 822 2658 De
860 2608 1196 2658 adiectivis.

315 2747 528 2791 Primum
561 2746 751 2805 quidem
784 2747 994 2791 dicamus
1043 2747 1100 2791 de
1148 2738 1393 2791 adiectivis
1424 2750 1472 2791 et
1503 2747 1763 2806 participiis

170 2824 579 2870 substantivorum
634 2825 736 2870 loco
787 2825 967 2885 positis.
1039 2824 1211 2870 Omnes
1264 2824 1512 2884 scriptores
1562 2824 1764 2869 Romani

171 2903 407 2950 adiectiva
438 2908 486 2947 et
517 2903 768 2967 participia
798 2918 884 2966 pro
916 2903 1230 2948 substantivis
1262 2918 1401 2965 saepe
1428 2906 1676 2965 usurpant
1714 2902 1764 2947 in
