<?xml version="1.0" encoding="UTF-8"?>
<!DOCTYPE html PUBLIC "-//W3C//DTD XHTML 1.0 Transitional//EN"
    "http://www.w3.org/TR/xhtml1/DTD/xhtml1-transitional.dtd">
<html xmlns="http://www.w3.org/1999/xhtml" xml:lang="en" lang="en">
 <head>
  <title>
</title>
<meta http-equiv="Content-Type" content="text/html;charset=utf-8" />
  <meta name='ocr-system' content='tesseract 3.04.00' />
  <meta name='ocr-capabilities' content='ocr_page ocr_carea ocr_par ocr_line ocrx_word'/>
</head>
<body>
  <div class='ocr_page' id='page_1' title='image "4738120_0052.png"; bbox 0 0 1961 3279; ppageno 0'>
   <div class='ocr_carea' id='block_1_1' title="bbox 835 100 1132 145">
    <p class='ocr_par' dir='ltr' id='par_1_1' title="bbox 835 100 1132 145">
     <span class='ocr_line' id='line_1_1' title="bbox 835 100 1132 145; baseline -0.003 -11"><span class='ocrx_word' id='word_1_1' title='bbox 835 100 1132 145; x_wconf 68' lang='lat'>-40-</span> 
     </span>
    </p>
   </div>
   <div class='ocr_carea' id='block_1_2' title="bbox 179 229 1781 2936">
    <p class='ocr_par' dir='ltr' id='par_1_2' title="bbox 185 229 1777 364">
     <span class='ocr_line' id='line_1_2' title="bbox 186 229 1777 293; baseline 0.001 -19"><span class='ocrx_word' id='word_1_2' title='bbox 186 233 329 288; x_wconf 91' lang='lat' dir='ltr'><strong>atque</strong></span> <span class='ocrx_word' id='word_1_3' title='bbox 370 229 487 274; x_wconf 89' lang='lat' dir='ltr'><strong>victi</strong></span> <span class='ocrx_word' id='word_1_4' title='bbox 534 229 737 275; x_wconf 80' lang='lat' dir='ltr'><strong>sumus“.</strong></span> <span class='ocrx_word' id='word_1_5' title='bbox 800 231 906 275; x_wconf 85' lang='lat' dir='ltr'><strong>Tac.</strong></span> <span class='ocrx_word' id='word_1_6' title='bbox 939 246 1045 276; x_wconf 87' lang='lat' dir='ltr'><strong>ann.</strong></span> <span class='ocrx_word' id='word_1_7' title='bbox 1083 234 1120 288; x_wconf 88' lang='lat'><strong>1,</strong></span> <span class='ocrx_word' id='word_1_8' title='bbox 1152 234 1180 276; x_wconf 87' lang='grc'><strong>9</strong></span> <span class='ocrx_word' id='word_1_9' title='bbox 1231 231 1465 291; x_wconf 83' lang='lat' dir='ltr'>„legiones</span> <span class='ocrx_word' id='word_1_10' title='bbox 1511 230 1777 293; x_wconf 87' lang='lat' dir='ltr'><strong>provincias</strong></span> 
     </span>
     <span class='ocr_line' id='line_1_3' title="bbox 185 306 612 364; baseline 0.002 -13"><span class='ocrx_word' id='word_1_11' title='bbox 185 308 366 364; x_wconf 80' lang='lat' dir='ltr'><strong>classes,</strong></span> <span class='ocrx_word' id='word_1_12' title='bbox 399 306 612 352; x_wconf 84' lang='lat' dir='ltr'><strong>cuncta“.</strong></span> 
     </span>
    </p>

    <p class='ocr_par' dir='ltr' id='par_1_3' title="bbox 182 385 1780 1455">
     <span class='ocr_line' id='line_1_4' title="bbox 332 385 1776 447; baseline 0.001 -17"><span class='ocrx_word' id='word_1_13' title='bbox 332 386 481 445; x_wconf 90' lang='lat' dir='ltr'><strong>Saepe</strong></span> <span class='ocrx_word' id='word_1_14' title='bbox 505 385 630 445; x_wconf 89' lang='lat' dir='ltr'><strong>apud</strong></span> <span class='ocrx_word' id='word_1_15' title='bbox 647 386 908 445; x_wconf 89' lang='lat' dir='ltr'><strong>Sulpicium</strong></span> <span class='ocrx_word' id='word_1_16' title='bbox 925 387 1153 432; x_wconf 88' lang='lat' dir='ltr'><strong>Severum</strong></span> <span class='ocrx_word' id='word_1_17' title='bbox 1174 389 1372 433; x_wconf 90' lang='lat' dir='ltr'><strong>verbum</strong></span> <span class='ocrx_word' id='word_1_18' title='bbox 1398 387 1588 447; x_wconf 82' lang='lat' dir='ltr'><strong>„agere“</strong></span> <span class='ocrx_word' id='word_1_19' title='bbox 1609 388 1776 432; x_wconf 85' lang='lat' dir='ltr'><strong>omisso</strong></span> 
     </span>
     <span class='ocr_line' id='line_1_5' title="bbox 186 462 1777 524; baseline 0.002 -16"><span class='ocrx_word' id='word_1_20' title='bbox 186 463 371 508; x_wconf 88' lang='lat' dir='ltr'><strong>obiecto</strong></span> <span class='ocrx_word' id='word_1_21' title='bbox 406 462 613 523; x_wconf 80' lang='lat' dir='ltr'><strong>„vitam“</strong></span> <span class='ocrx_word' id='word_1_22' title='bbox 648 463 810 510; x_wconf 89' lang='lat' dir='ltr'><strong>eadem</strong></span> <span class='ocrx_word' id='word_1_23' title='bbox 832 464 882 510; x_wconf 87' lang='lat' dir='ltr'><strong>vi</strong></span> <span class='ocrx_word' id='word_1_24' title='bbox 914 464 1133 524; x_wconf 88' lang='lat' dir='ltr'><strong>fungitur</strong></span> <span class='ocrx_word' id='word_1_25' title='bbox 1166 481 1261 524; x_wconf 91' lang='lat' dir='ltr'><strong>qua</strong></span> <span class='ocrx_word' id='word_1_26' title='bbox 1281 466 1454 511; x_wconf 89' lang='lat' dir='ltr'><strong>vivere.</strong></span> <span class='ocrx_word' id='word_1_27' title='bbox 1491 466 1619 511; x_wconf 87' lang='lat' dir='ltr'><strong>Haec</strong></span> <span class='ocrx_word' id='word_1_28' title='bbox 1640 466 1777 511; x_wconf 90' lang='lat' dir='ltr'><strong>omis-</strong></span> 
     </span>
     <span class='ocr_line' id='line_1_6' title="bbox 186 541 1777 604; baseline 0.001 -20"><span class='ocrx_word' id='word_1_29' title='bbox 186 542 255 585; x_wconf 98' lang='lat' dir='ltr'><strong>sio</strong></span> <span class='ocrx_word' id='word_1_30' title='bbox 287 541 417 586; x_wconf 86' lang='lat' dir='ltr'><strong>vocis</strong></span> <span class='ocrx_word' id='word_1_31' title='bbox 453 541 657 599; x_wconf 86' lang='lat' dir='ltr'><strong>„vitam“</strong></span> <span class='ocrx_word' id='word_1_32' title='bbox 692 542 818 586; x_wconf 90' lang='lat' dir='ltr'><strong>inter</strong></span> <span class='ocrx_word' id='word_1_33' title='bbox 844 557 1014 601; x_wconf 64' lang='lat' dir='ltr'><strong>⁴prosae</strong></span> <span class='ocrx_word' id='word_1_34' title='bbox 1036 543 1264 587; x_wconf 90' lang='lat' dir='ltr'><strong>orationis</strong></span> <span class='ocrx_word' id='word_1_35' title='bbox 1295 544 1547 603; x_wconf 71' lang='lat' dir='ltr'><strong>scriptores</strong></span> <span class='ocrx_word' id='word_1_36' title='bbox 1576 544 1777 604; x_wconf 88' lang='lat' dir='ltr'><strong>primum</strong></span> 
     </span>
     <span class='ocr_line' id='line_1_7' title="bbox 185 610 1777 690; baseline 0.001 -25"><span class='ocrx_word' id='word_1_37' title='bbox 185 619 313 680; x_wconf 88' lang='lat' dir='ltr'><strong>apud</strong></span> <span class='ocrx_word' id='word_1_38' title='bbox 345 620 622 665; x_wconf 71' lang='lat' dir='ltr'><strong>Sallustium</strong></span> <span class='ocrx_word' id='word_1_39' title='bbox 654 620 907 679; x_wconf 88' lang='lat' dir='ltr'><strong>invenitur,</strong></span> <span class='ocrx_word' id='word_1_40' title='bbox 940 636 1080 680; x_wconf 85' lang='lat' dir='ltr'><strong>quem</strong></span> <span class='ocrx_word' id='word_1_41' title='bbox 1111 622 1262 667; x_wconf 90' lang='lat' dir='ltr'><strong>secuti</strong></span> <span class='ocrx_word' id='word_1_42' title='bbox 1283 626 1395 667; x_wconf 86' lang='lat' dir='ltr'><strong>sunt</strong></span> <span class='ocrx_word' id='word_1_43' title='bbox 1424 610 1586 667; x_wconf 84' lang='lat' dir='ltr'><strong>Livius</strong></span> <span class='ocrx_word' id='word_1_44' title='bbox 1617 622 1777 690; x_wconf 33' lang='lat' dir='ltr'><strong>etffTa-</strong></span> 
     </span>
     <span class='ocr_line' id='line_1_8' title="bbox 186 694 1777 759; baseline 0.002 -18"><span class='ocrx_word' id='word_1_45' title='bbox 186 698 309 742; x_wconf 87' lang='lat' dir='ltr'><strong>citus</strong></span> <span class='ocrx_word' id='word_1_46' title='bbox 341 703 390 742; x_wconf 91' lang='lat' dir='ltr'><strong>et</strong></span> <span class='ocrx_word' id='word_1_47' title='bbox 421 698 659 758; x_wconf 83' lang='lat' dir='ltr'><strong>Sulpicius</strong></span> <span class='ocrx_word' id='word_1_48' title='bbox 691 699 895 744; x_wconf 87' lang='lat' dir='ltr'><strong>Severus</strong></span> <span class='ocrx_word' id='word_1_49' title='bbox 932 698 1039 744; x_wconf 87' lang='lat' dir='ltr'><strong>Chr.</strong></span> <span class='ocrx_word' id='word_1_50' title='bbox 1073 700 1109 744; x_wconf 99' lang='grc' dir='ltr'><strong>Ι.</strong></span> <span class='ocrx_word' id='word_1_51' title='bbox 1142 701 1212 757; x_wconf 87' lang='grc'>24,</span> <span class='ocrx_word' id='word_1_52' title='bbox 1249 702 1267 744; x_wconf 92' lang='grc'>1</span> <span class='ocrx_word' id='word_1_53' title='bbox 1307 700 1366 759; x_wconf 86' lang='lat' dir='ltr'><strong>„J</strong></span> <span class='ocrx_word' id='word_1_54' title='bbox 1367 714 1449 749; x_wconf 75' lang='lat' dir='ltr'><strong>esu</strong></span> <span class='ocrx_word' id='word_1_55' title='bbox 1480 694 1679 744; x_wconf 51' lang='lat' dir='ltr'><strong>mortuo¹</strong></span> <span class='ocrx_word' id='word_1_56' title='bbox 1695 714 1777 759; x_wconf 89' lang='lat' dir='ltr'><strong>po-</strong></span> 
     </span>
     <span class='ocr_line' id='line_1_9' title="bbox 184 775 1777 836; baseline 0.002 -17"><span class='ocrx_word' id='word_1_57' title='bbox 184 775 327 834; x_wconf 89' lang='lat' dir='ltr'><strong>pulus</strong></span> <span class='ocrx_word' id='word_1_58' title='bbox 371 776 471 820; x_wconf 86' lang='lat' dir='ltr'><strong>sine</strong></span> <span class='ocrx_word' id='word_1_59' title='bbox 503 775 620 821; x_wconf 90' lang='lat' dir='ltr'><strong>duce</strong></span> <span class='ocrx_word' id='word_1_60' title='bbox 651 776 866 835; x_wconf 82' lang='lat' dir='ltr'><strong>agebat“.</strong></span> <span class='ocrx_word' id='word_1_61' title='bbox 929 777 1036 822; x_wconf 88' lang='lat' dir='ltr'><strong>Chr.</strong></span> <span class='ocrx_word' id='word_1_62' title='bbox 1067 777 1103 821; x_wconf 91' lang='lat' dir='ltr'><strong>I.</strong></span> <span class='ocrx_word' id='word_1_63' title='bbox 1136 779 1206 834; x_wconf 84' lang='lat'><strong>30,</strong></span> <span class='ocrx_word' id='word_1_64' title='bbox 1242 780 1262 822; x_wconf 92' lang='lat'>1</span> <span class='ocrx_word' id='word_1_65' title='bbox 1316 777 1546 836; x_wconf 79' lang='lat' dir='ltr'><strong>„Hebraei</strong></span> <span class='ocrx_word' id='word_1_66' title='bbox 1577 778 1677 822; x_wconf 86' lang='lat' dir='ltr'><strong>sine</strong></span> <span class='ocrx_word' id='word_1_67' title='bbox 1707 777 1777 822; x_wconf 92' lang='lat' dir='ltr'><strong>iu-</strong></span> 
     </span>
     <span class='ocr_line' id='line_1_10' title="bbox 186 852 1779 914; baseline 0.002 -18"><span class='ocrx_word' id='word_1_68' title='bbox 186 852 291 897; x_wconf 86' lang='lat' dir='ltr'><strong>dice</strong></span> <span class='ocrx_word' id='word_1_69' title='bbox 309 886 333 897; x_wconf 76' lang='lat'><strong>..</strong></span> <span class='ocrx_word' id='word_1_70' title='bbox 351 886 387 897; x_wconf 91' lang='lat'><strong>..</strong></span> <span class='ocrx_word' id='word_1_71' title='bbox 421 853 670 911; x_wconf 87' lang='lat' dir='ltr'><strong>agebant“.</strong></span> <span class='ocrx_word' id='word_1_72' title='bbox 714 854 820 899; x_wconf 85' lang='lat' dir='ltr'><strong>Chr.</strong></span> <span class='ocrx_word' id='word_1_73' title='bbox 841 855 878 899; x_wconf 93' lang='lat' dir='ltr'><strong>I.</strong></span> <span class='ocrx_word' id='word_1_74' title='bbox 902 856 973 911; x_wconf 88' lang='lat'><strong>34,</strong></span> <span class='ocrx_word' id='word_1_75' title='bbox 997 856 1025 898; x_wconf 95' lang='lat'>2</span> <span class='ocrx_word' id='word_1_76' title='bbox 1059 869 1284 914; x_wconf 88' lang='lat' dir='ltr'><strong>„parvum</strong></span> <span class='ocrx_word' id='word_1_77' title='bbox 1316 868 1513 913; x_wconf 87' lang='lat' dir='ltr'><strong>puerum</strong></span> <span class='ocrx_word' id='word_1_78' title='bbox 1534 856 1621 899; x_wconf 87' lang='lat' dir='ltr'><strong>sub</strong></span> <span class='ocrx_word' id='word_1_79' title='bbox 1643 859 1779 914; x_wconf 88' lang='lat' dir='ltr'><strong>patre</strong></span> 
     </span>
     <span class='ocr_line' id='line_1_11' title="bbox 185 918 1778 991; baseline 0.001 -17"><span class='ocrx_word' id='word_1_80' title='bbox 185 930 449 989; x_wconf 85' lang='lat' dir='ltr'><strong>agentem“.</strong></span> <span class='ocrx_word' id='word_1_81' title='bbox 511 931 570 975; x_wconf 87' lang='lat' dir='ltr'><strong>D.</strong></span> <span class='ocrx_word' id='word_1_82' title='bbox 602 931 637 975; x_wconf 95' lang='lat' dir='ltr'><strong>I.</strong></span> <span class='ocrx_word' id='word_1_83' title='bbox 674 933 740 988; x_wconf 86' lang='lat'><strong>17,</strong></span> <span class='ocrx_word' id='word_1_84' title='bbox 774 934 812 976; x_wconf 85' lang='lat'><strong>6.</strong></span> <span class='ocrx_word' id='word_1_85' title='bbox 850 932 928 990; x_wconf 86' lang='lat' dir='ltr'><strong>„in</strong></span> <span class='ocrx_word' id='word_1_86' title='bbox 960 931 1107 976; x_wconf 91' lang='lat' dir='ltr'><strong>isdem</strong></span> <span class='ocrx_word' id='word_1_87' title='bbox 1139 932 1307 977; x_wconf 88' lang='lat' dir='ltr'><strong>viculis</strong></span> <span class='ocrx_word' id='word_1_88' title='bbox 1338 918 1518 991; x_wconf 81' lang='lat' dir='ltr'><strong>agere“.</strong></span> <span class='ocrx_word' id='word_1_89' title='bbox 1580 931 1687 977; x_wconf 85' lang='lat' dir='ltr'><strong>Chr.</strong></span> <span class='ocrx_word' id='word_1_90' title='bbox 1717 932 1778 976; x_wconf 89' lang='lat' dir='ltr'><strong>H.</strong></span> 
     </span>
     <span class='ocr_line' id='line_1_12' title="bbox 187 1009 1778 1068; baseline 0.001 -16"><span class='ocrx_word' id='word_1_91' title='bbox 187 1011 257 1064; x_wconf 86' lang='lat'><strong>10,</strong></span> <span class='ocrx_word' id='word_1_92' title='bbox 289 1010 318 1052; x_wconf 91' lang='lat'>4</span> <span class='ocrx_word' id='word_1_93' title='bbox 369 1013 626 1068; x_wconf 87' lang='lat' dir='ltr'><strong>„purgatus</strong></span> <span class='ocrx_word' id='word_1_94' title='bbox 672 1009 874 1068; x_wconf 88' lang='lat' dir='ltr'><strong>populus</strong></span> <span class='ocrx_word' id='word_1_95' title='bbox 905 1010 1080 1054; x_wconf 87' lang='lat' dir='ltr'><strong>veteris</strong></span> <span class='ocrx_word' id='word_1_96' title='bbox 1128 1010 1245 1068; x_wconf 87' lang='lat' dir='ltr'><strong>legis</strong></span> <span class='ocrx_word' id='word_1_97' title='bbox 1291 1010 1389 1054; x_wconf 87' lang='lat' dir='ltr'><strong>ritu</strong></span> <span class='ocrx_word' id='word_1_98' title='bbox 1421 1009 1634 1068; x_wconf 86' lang='lat' dir='ltr'><strong>agebat“.</strong></span> <span class='ocrx_word' id='word_1_99' title='bbox 1697 1009 1778 1054; x_wconf 89' lang='lat' dir='ltr'><strong>cfr.</strong></span> 
     </span>
     <span class='ocr_line' id='line_1_13' title="bbox 185 1086 1777 1146; baseline 0.001 -17"><span class='ocrx_word' id='word_1_100' title='bbox 185 1086 285 1130; x_wconf 88' lang='lat' dir='ltr'><strong>Liv.</strong></span> <span class='ocrx_word' id='word_1_101' title='bbox 318 1087 359 1142; x_wconf 85' lang='lat'><strong>9,</strong></span> <span class='ocrx_word' id='word_1_102' title='bbox 393 1088 462 1142; x_wconf 91' lang='lat'><strong>20,</strong></span> <span class='ocrx_word' id='word_1_103' title='bbox 500 1088 555 1131; x_wconf 95' lang='grc'><strong>10</strong></span> <span class='ocrx_word' id='word_1_104' title='bbox 605 1086 715 1145; x_wconf 80' lang='lat' dir='ltr'><strong>„qui</strong></span> <span class='ocrx_word' id='word_1_105' title='bbox 746 1101 795 1130; x_wconf 88' lang='lat' dir='ltr'><strong>se</strong></span> <span class='ocrx_word' id='word_1_106' title='bbox 826 1086 926 1131; x_wconf 88' lang='lat' dir='ltr'><strong>sine</strong></span> <span class='ocrx_word' id='word_1_107' title='bbox 958 1086 1143 1145; x_wconf 85' lang='lat' dir='ltr'><strong>legibus</strong></span> <span class='ocrx_word' id='word_1_108' title='bbox 1175 1087 1327 1144; x_wconf 92' lang='lat' dir='ltr'><strong>certis,</strong></span> <span class='ocrx_word' id='word_1_109' title='bbox 1363 1087 1463 1131; x_wconf 88' lang='lat' dir='ltr'><strong>sine</strong></span> <span class='ocrx_word' id='word_1_110' title='bbox 1493 1086 1777 1146; x_wconf 84' lang='lat' dir='ltr'><strong>magistrati-</strong></span> 
     </span>
     <span class='ocr_line' id='line_1_14' title="bbox 186 1163 1780 1223; baseline 0.001 -15"><span class='ocrx_word' id='word_1_111' title='bbox 186 1164 276 1209; x_wconf 86' lang='lat' dir='ltr'><strong>bus</strong></span> <span class='ocrx_word' id='word_1_112' title='bbox 309 1179 449 1223; x_wconf 84' lang='lat' dir='ltr'><strong>agere</strong></span> <span class='ocrx_word' id='word_1_113' title='bbox 471 1163 830 1222; x_wconf 82' lang='lat' dir='ltr'><strong>querebantur“.</strong></span> <span class='ocrx_word' id='word_1_114' title='bbox 870 1165 976 1209; x_wconf 82' lang='lat' dir='ltr'><strong>Tac.</strong></span> <span class='ocrx_word' id='word_1_115' title='bbox 999 1180 1104 1209; x_wconf 90' lang='lat' dir='ltr'><strong>ann.</strong></span> <span class='ocrx_word' id='word_1_116' title='bbox 1131 1166 1198 1221; x_wconf 88' lang='lat'><strong>15,</strong></span> <span class='ocrx_word' id='word_1_117' title='bbox 1223 1166 1279 1209; x_wconf 84' lang='lat'><strong>74</strong></span> <span class='ocrx_word' id='word_1_118' title='bbox 1314 1180 1450 1223; x_wconf 86' lang='lat' dir='ltr'><strong>„nam</strong></span> <span class='ocrx_word' id='word_1_119' title='bbox 1470 1164 1610 1209; x_wconf 90' lang='lat' dir='ltr'><strong>deum</strong></span> <span class='ocrx_word' id='word_1_120' title='bbox 1631 1165 1780 1209; x_wconf 91' lang='lat' dir='ltr'><strong>honor</strong></span> 
     </span>
     <span class='ocr_line' id='line_1_15' title="bbox 186 1227 1778 1301; baseline 0.001 -16"><span class='ocrx_word' id='word_1_121' title='bbox 186 1241 391 1301; x_wconf 85' lang='lat' dir='ltr'><strong>principi</strong></span> <span class='ocrx_word' id='word_1_122' title='bbox 421 1256 517 1286; x_wconf 92' lang='lat' dir='ltr'><strong>non</strong></span> <span class='ocrx_word' id='word_1_123' title='bbox 549 1246 661 1287; x_wconf 89' lang='lat' dir='ltr'><strong>ante</strong></span> <span class='ocrx_word' id='word_1_124' title='bbox 691 1227 922 1299; x_wconf 85' lang='lat' dir='ltr'><strong>habetur,</strong></span> <span class='ocrx_word' id='word_1_125' title='bbox 939 1256 1079 1300; x_wconf 91' lang='lat' dir='ltr'><strong>quam</strong></span> <span class='ocrx_word' id='word_1_126' title='bbox 1101 1257 1239 1300; x_wconf 87' lang='lat' dir='ltr'><strong>agere</strong></span> <span class='ocrx_word' id='word_1_127' title='bbox 1270 1242 1396 1286; x_wconf 90' lang='lat' dir='ltr'><strong>inter</strong></span> <span class='ocrx_word' id='word_1_128' title='bbox 1426 1242 1637 1287; x_wconf 89' lang='lat' dir='ltr'><strong>homines</strong></span> <span class='ocrx_word' id='word_1_129' title='bbox 1657 1241 1778 1287; x_wconf 87' lang='lat' dir='ltr'><strong>desi-</strong></span> 
     </span>
     <span class='ocr_line' id='line_1_16' title="bbox 183 1319 1778 1378; baseline 0 -14"><span class='ocrx_word' id='word_1_130' title='bbox 183 1319 318 1367; x_wconf 81' lang='lat' dir='ltr'><strong>erit“.</strong></span> <span class='ocrx_word' id='word_1_131' title='bbox 372 1319 481 1363; x_wconf 90' lang='lat' dir='ltr'><strong>Sall.</strong></span> <span class='ocrx_word' id='word_1_132' title='bbox 503 1320 537 1364; x_wconf 84' lang='lat' dir='ltr'><strong>J</strong></span> <span class='ocrx_word' id='word_1_133' title='bbox 538 1335 615 1377; x_wconf 87' lang='lat' dir='ltr'><strong>ug.</strong></span> <span class='ocrx_word' id='word_1_134' title='bbox 637 1321 708 1376; x_wconf 87' lang='lat'><strong>55,</strong></span> <span class='ocrx_word' id='word_1_135' title='bbox 733 1322 760 1362; x_wconf 88' lang='lat'>2</span> <span class='ocrx_word' id='word_1_136' title='bbox 795 1320 991 1378; x_wconf 76' lang='lat' dir='ltr'><strong>„civitas</strong></span> <span class='ocrx_word' id='word_1_137' title='bbox 1024 1319 1210 1378; x_wconf 85' lang='lat' dir='ltr'><strong>trepida</strong></span> <span class='ocrx_word' id='word_1_138' title='bbox 1240 1325 1379 1364; x_wconf 87' lang='lat' dir='ltr'><strong>antea</strong></span> <span class='ocrx_word' id='word_1_139' title='bbox 1411 1325 1458 1364; x_wconf 87' lang='lat' dir='ltr'><strong>et</strong></span> <span class='ocrx_word' id='word_1_140' title='bbox 1490 1320 1691 1364; x_wconf 89' lang='lat' dir='ltr'><strong>sollicita</strong></span> <span class='ocrx_word' id='word_1_141' title='bbox 1721 1319 1778 1364; x_wconf 87' lang='lat' dir='ltr'><strong>de</strong></span> 
     </span>
     <span class='ocr_line' id='line_1_17' title="bbox 182 1396 875 1455; baseline 0 -14"><span class='ocrx_word' id='word_1_142' title='bbox 182 1396 297 1441; x_wconf 88' lang='lat' dir='ltr'><strong>belli</strong></span> <span class='ocrx_word' id='word_1_143' title='bbox 329 1402 506 1441; x_wconf 84' lang='lat' dir='ltr'><strong>eventu</strong></span> <span class='ocrx_word' id='word_1_144' title='bbox 537 1397 662 1441; x_wconf 90' lang='lat' dir='ltr'><strong>laeta</strong></span> <span class='ocrx_word' id='word_1_145' title='bbox 693 1396 875 1455; x_wconf 84' lang='lat' dir='ltr'><strong>agere“.</strong></span> 
     </span>
    </p>

    <p class='ocr_par' dir='ltr' id='par_1_4' title="bbox 181 1473 1781 2230">
     <span class='ocr_line' id='line_1_18' title="bbox 328 1473 1780 1533; baseline 0 -15"><span class='ocrx_word' id='word_1_146' title='bbox 328 1473 406 1518; x_wconf 89' lang='lat' dir='ltr'><strong>Ad</strong></span> <span class='ocrx_word' id='word_1_147' title='bbox 437 1474 723 1518; x_wconf 86' lang='lat' dir='ltr'><strong>brevitatem</strong></span> <span class='ocrx_word' id='word_1_148' title='bbox 755 1489 952 1532; x_wconf 88' lang='lat' dir='ltr'><strong>zeugma</strong></span> <span class='ocrx_word' id='word_1_149' title='bbox 979 1489 1178 1532; x_wconf 91' lang='lat' dir='ltr'><strong>quoque,</strong></span> <span class='ocrx_word' id='word_1_150' title='bbox 1210 1474 1336 1532; x_wconf 89' lang='lat' dir='ltr'><strong>quod</strong></span> <span class='ocrx_word' id='word_1_151' title='bbox 1358 1474 1543 1531; x_wconf 89' lang='lat' dir='ltr'><strong>dicitur,</strong></span> <span class='ocrx_word' id='word_1_152' title='bbox 1574 1475 1780 1533; x_wconf 86' lang='lat' dir='ltr'><strong>pertinet</strong></span> 
     </span>
     <span class='ocr_line' id='line_1_19' title="bbox 184 1551 1780 1611; baseline 0.001 -15"><span class='ocrx_word' id='word_1_153' title='bbox 184 1567 212 1596; x_wconf 86' lang='lat' dir='ltr'><strong>a</strong></span> <span class='ocrx_word' id='word_1_154' title='bbox 245 1551 485 1608; x_wconf 73' lang='lat' dir='ltr'><strong>Sallustio,</strong></span> <span class='ocrx_word' id='word_1_155' title='bbox 517 1551 666 1609; x_wconf 89' lang='lat' dir='ltr'><strong>Livio,</strong></span> <span class='ocrx_word' id='word_1_156' title='bbox 700 1552 864 1597; x_wconf 81' lang='lat' dir='ltr'><strong>Tacito</strong></span> <span class='ocrx_word' id='word_1_157' title='bbox 898 1551 1025 1596; x_wconf 92' lang='lat' dir='ltr'><strong>haud</strong></span> <span class='ocrx_word' id='word_1_158' title='bbox 1056 1566 1161 1597; x_wconf 82' lang='lat' dir='ltr'><strong>raro</strong></span> <span class='ocrx_word' id='word_1_159' title='bbox 1183 1556 1473 1611; x_wconf 88' lang='lat' dir='ltr'><strong>usurpatum,</strong></span> <span class='ocrx_word' id='word_1_160' title='bbox 1507 1567 1600 1610; x_wconf 89' lang='lat' dir='ltr'><strong>qua</strong></span> <span class='ocrx_word' id='word_1_161' title='bbox 1629 1552 1780 1610; x_wconf 87' lang='lat' dir='ltr'><strong>figura</strong></span> 
     </span>
     <span class='ocr_line' id='line_1_20' title="bbox 184 1629 1779 1689; baseline 0.001 -17"><span class='ocrx_word' id='word_1_162' title='bbox 184 1629 423 1689; x_wconf 87' lang='lat' dir='ltr'><strong>Sulpicius</strong></span> <span class='ocrx_word' id='word_1_163' title='bbox 456 1629 658 1673; x_wconf 82' lang='lat' dir='ltr'><strong>Severus</strong></span> <span class='ocrx_word' id='word_1_164' title='bbox 689 1644 802 1674; x_wconf 88' lang='lat' dir='ltr'><strong>usus</strong></span> <span class='ocrx_word' id='word_1_165' title='bbox 835 1635 907 1674; x_wconf 90' lang='lat' dir='ltr'><strong>est</strong></span> <span class='ocrx_word' id='word_1_166' title='bbox 937 1629 1011 1674; x_wconf 91' lang='lat' dir='ltr'><strong>his</strong></span> <span class='ocrx_word' id='word_1_167' title='bbox 1043 1630 1181 1674; x_wconf 89' lang='lat' dir='ltr'><strong>locis:</strong></span> <span class='ocrx_word' id='word_1_168' title='bbox 1230 1629 1338 1674; x_wconf 89' lang='lat' dir='ltr'><strong>Chr.</strong></span> <span class='ocrx_word' id='word_1_169' title='bbox 1369 1630 1430 1674; x_wconf 89' lang='lat' dir='ltr'><strong>H.</strong></span> <span class='ocrx_word' id='word_1_170' title='bbox 1467 1631 1533 1686; x_wconf 93' lang='grc'>12,</span> <span class='ocrx_word' id='word_1_171' title='bbox 1565 1631 1595 1674; x_wconf 90' lang='grc'>4</span> <span class='ocrx_word' id='word_1_172' title='bbox 1640 1644 1779 1688; x_wconf 85' lang='lat' dir='ltr'><strong>„uxo-</strong></span> 
     </span>
     <span class='ocr_line' id='line_1_21' title="bbox 182 1695 1780 1768; baseline 0 -16"><span class='ocrx_word' id='word_1_173' title='bbox 182 1722 284 1752; x_wconf 91' lang='lat' dir='ltr'><strong>rem</strong></span> <span class='ocrx_word' id='word_1_174' title='bbox 316 1707 616 1752; x_wconf 89' lang='lat' dir='ltr'><strong>matrimonio</strong></span> <span class='ocrx_word' id='word_1_175' title='bbox 650 1723 703 1752; x_wconf 91' lang='lat' dir='ltr'><strong>ac</strong></span> <span class='ocrx_word' id='word_1_176' title='bbox 734 1708 864 1766; x_wconf 86' lang='lat' dir='ltr'><strong>regia</strong></span> <span class='ocrx_word' id='word_1_177' title='bbox 895 1695 1130 1768; x_wconf 54' lang='lat' dir='ltr'><strong>depellita.</strong></span> <span class='ocrx_word' id='word_1_178' title='bbox 1179 1707 1286 1752; x_wconf 89' lang='lat' dir='ltr'><strong>Chr.</strong></span> <span class='ocrx_word' id='word_1_179' title='bbox 1308 1708 1369 1752; x_wconf 93' lang='grc' dir='ltr'><strong>Π.</strong></span> <span class='ocrx_word' id='word_1_180' title='bbox 1396 1709 1462 1764; x_wconf 87' lang='grc'><strong>18,</strong></span> <span class='ocrx_word' id='word_1_181' title='bbox 1484 1709 1514 1752; x_wconf 90' lang='grc'>4</span> <span class='ocrx_word' id='word_1_182' title='bbox 1548 1708 1614 1766; x_wconf 87' lang='lat' dir='ltr'><strong>„is</strong></span> <span class='ocrx_word' id='word_1_183' title='bbox 1645 1707 1780 1752; x_wconf 84' lang='lat' dir='ltr'><strong>foede</strong></span> 
     </span>
     <span class='ocr_line' id='line_1_22' title="bbox 184 1785 1779 1844; baseline -0.001 -15"><span class='ocrx_word' id='word_1_184' title='bbox 184 1785 438 1829; x_wconf 87' lang='lat' dir='ltr'><strong>admodum</strong></span> <span class='ocrx_word' id='word_1_185' title='bbox 470 1785 596 1829; x_wconf 89' lang='lat' dir='ltr'><strong>cives</strong></span> <span class='ocrx_word' id='word_1_186' title='bbox 628 1786 925 1844; x_wconf 84' lang='lat' dir='ltr'><strong>patriamque</strong></span> <span class='ocrx_word' id='word_1_187' title='bbox 956 1786 1223 1830; x_wconf 87' lang='lat' dir='ltr'><strong>laceravit“.</strong></span> <span class='ocrx_word' id='word_1_188' title='bbox 1286 1786 1347 1829; x_wconf 87' lang='lat' dir='ltr'><strong>M.</strong></span> <span class='ocrx_word' id='word_1_189' title='bbox 1380 1787 1449 1841; x_wconf 90' lang='lat'><strong>20,</strong></span> <span class='ocrx_word' id='word_1_190' title='bbox 1483 1788 1511 1829; x_wconf 96' lang='lat'>2</span> <span class='ocrx_word' id='word_1_191' title='bbox 1555 1786 1665 1843; x_wconf 88' lang='lat' dir='ltr'><strong>„qui</strong></span> <span class='ocrx_word' id='word_1_192' title='bbox 1695 1787 1779 1829; x_wconf 91' lang='lat' dir='ltr'><strong>im-</strong></span> 
     </span>
     <span class='ocr_line' id='line_1_23' title="bbox 182 1861 1780 1923; baseline 0 -17"><span class='ocrx_word' id='word_1_193' title='bbox 182 1867 424 1921; x_wconf 86' lang='lat' dir='ltr'><strong>peratores</strong></span> <span class='ocrx_word' id='word_1_194' title='bbox 455 1877 604 1906; x_wconf 92' lang='lat' dir='ltr'><strong>unum</strong></span> <span class='ocrx_word' id='word_1_195' title='bbox 635 1878 781 1921; x_wconf 86' lang='lat' dir='ltr'><strong>regno</strong></span> <span class='ocrx_word' id='word_1_196' title='bbox 814 1864 1016 1908; x_wconf 85' lang='lat' dir='ltr'><strong>alterum</strong></span> <span class='ocrx_word' id='word_1_197' title='bbox 1048 1863 1151 1908; x_wconf 89' lang='lat' dir='ltr'><strong>vita</strong></span> <span class='ocrx_word' id='word_1_198' title='bbox 1181 1861 1476 1923; x_wconf 83' lang='lat' dir='ltr'><strong>expulisset“.</strong></span> <span class='ocrx_word' id='word_1_199' title='bbox 1523 1862 1579 1906; x_wconf 93' lang='lat' dir='ltr'><strong>D.</strong></span> <span class='ocrx_word' id='word_1_200' title='bbox 1600 1863 1637 1906; x_wconf 94' lang='grc' dir='ltr'><strong>Ι.</strong></span> <span class='ocrx_word' id='word_1_201' title='bbox 1660 1864 1729 1919; x_wconf 87' lang='grc'>21,</span> <span class='ocrx_word' id='word_1_202' title='bbox 1752 1864 1780 1907; x_wconf 93' lang='grc'><strong>3</strong></span> 
     </span>
     <span class='ocr_line' id='line_1_24' title="bbox 186 1939 1781 1999; baseline 0 -15"><span class='ocrx_word' id='word_1_203' title='bbox 186 1939 414 1999; x_wconf 86' lang='lat' dir='ltr'><strong>„pedibus</strong></span> <span class='ocrx_word' id='word_1_204' title='bbox 445 1944 529 1983; x_wconf 92' lang='lat' dir='ltr'><strong>aut</strong></span> <span class='ocrx_word' id='word_1_205' title='bbox 560 1940 702 1983; x_wconf 88' lang='lat' dir='ltr'><strong>asello</strong></span> <span class='ocrx_word' id='word_1_206' title='bbox 734 1940 845 1984; x_wconf 84' lang='lat' dir='ltr'><strong>ire“.</strong></span> <span class='ocrx_word' id='word_1_207' title='bbox 892 1941 948 1984; x_wconf 93' lang='lat' dir='ltr'><strong>D.</strong></span> <span class='ocrx_word' id='word_1_208' title='bbox 973 1941 1008 1984; x_wconf 97' lang='lat' dir='ltr'><strong>I.</strong></span> <span class='ocrx_word' id='word_1_209' title='bbox 1042 1942 1112 1996; x_wconf 90' lang='lat'><strong>22,</strong></span> <span class='ocrx_word' id='word_1_210' title='bbox 1136 1942 1163 1984; x_wconf 89' lang='lat'><strong>3</strong></span> <span class='ocrx_word' id='word_1_211' title='bbox 1199 1940 1443 1999; x_wconf 84' lang='lat' dir='ltr'><strong>„cellulam</strong></span> <span class='ocrx_word' id='word_1_212' title='bbox 1474 1954 1605 1983; x_wconf 89' lang='lat' dir='ltr'><strong>suam</strong></span> <span class='ocrx_word' id='word_1_213' title='bbox 1638 1944 1781 1997; x_wconf 86' lang='lat' dir='ltr'><strong>atque</strong></span> 
     </span>
     <span class='ocr_line' id='line_1_25' title="bbox 182 2016 1779 2077; baseline 0 -16"><span class='ocrx_word' id='word_1_214' title='bbox 182 2017 478 2077; x_wconf 89' lang='lat' dir='ltr'><strong>propositum</strong></span> <span class='ocrx_word' id='word_1_215' title='bbox 511 2018 707 2062; x_wconf 86' lang='lat' dir='ltr'><strong>eremita</strong></span> <span class='ocrx_word' id='word_1_216' title='bbox 738 2017 988 2063; x_wconf 82' lang='lat' dir='ltr'><strong>deseruit“.</strong></span> <span class='ocrx_word' id='word_1_217' title='bbox 1051 2017 1108 2061; x_wconf 93' lang='lat' dir='ltr'><strong>D.</strong></span> <span class='ocrx_word' id='word_1_218' title='bbox 1139 2017 1175 2061; x_wconf 94' lang='lat' dir='ltr'><strong>I.</strong></span> <span class='ocrx_word' id='word_1_219' title='bbox 1208 2017 1278 2074; x_wconf 94' lang='lat'><strong>25,</strong></span> <span class='ocrx_word' id='word_1_220' title='bbox 1306 2020 1325 2061; x_wconf 95' lang='lat' dir='ltr'><strong>l</strong></span> <span class='ocrx_word' id='word_1_221' title='bbox 1366 2016 1571 2075; x_wconf 80' lang='lat' dir='ltr'><strong>„rabiem</strong></span> <span class='ocrx_word' id='word_1_222' title='bbox 1604 2017 1779 2062; x_wconf 90' lang='lat' dir='ltr'><strong>bestia-</strong></span> 
     </span>
     <span class='ocr_line' id='line_1_26' title="bbox 182 2093 1779 2154; baseline 0.001 -16"><span class='ocrx_word' id='word_1_223' title='bbox 182 2109 288 2139; x_wconf 89' lang='lat' dir='ltr'><strong>rum</strong></span> <span class='ocrx_word' id='word_1_224' title='bbox 320 2098 369 2138; x_wconf 91' lang='lat' dir='ltr'><strong>et</strong></span> <span class='ocrx_word' id='word_1_225' title='bbox 401 2094 691 2153; x_wconf 89' lang='lat' dir='ltr'><strong>serpentium</strong></span> <span class='ocrx_word' id='word_1_226' title='bbox 722 2110 908 2139; x_wconf 88' lang='lat' dir='ltr'><strong>venena</strong></span> <span class='ocrx_word' id='word_1_227' title='bbox 939 2093 1267 2154; x_wconf 87' lang='lat' dir='ltr'><strong>compescuit“.</strong></span> <span class='ocrx_word' id='word_1_228' title='bbox 1318 2094 1374 2138; x_wconf 92' lang='lat' dir='ltr'><strong>D.</strong></span> <span class='ocrx_word' id='word_1_229' title='bbox 1396 2094 1454 2137; x_wconf 91' lang='lat' dir='ltr'><strong>IL</strong></span> <span class='ocrx_word' id='word_1_230' title='bbox 1492 2095 1557 2150; x_wconf 85' lang='lat'><strong>13,</strong></span> <span class='ocrx_word' id='word_1_231' title='bbox 1583 2095 1607 2138; x_wconf 85' lang='lat'>7</span> <span class='ocrx_word' id='word_1_232' title='bbox 1644 2109 1779 2153; x_wconf 85' lang='lat' dir='ltr'><strong>„nam</strong></span> 
     </span>
     <span class='ocr_line' id='line_1_27' title="bbox 181 2172 1779 2230; baseline -0.001 -14"><span class='ocrx_word' id='word_1_233' title='bbox 181 2172 276 2217; x_wconf 87' lang='lat' dir='ltr'><strong>nisi</strong></span> <span class='ocrx_word' id='word_1_234' title='bbox 307 2172 702 2217; x_wconf 89' lang='lat' dir='ltr'><strong>inaestimabilem</strong></span> <span class='ocrx_word' id='word_1_235' title='bbox 724 2174 874 2218; x_wconf 86' lang='lat' dir='ltr'><strong>vitam</strong></span> <span class='ocrx_word' id='word_1_236' title='bbox 896 2178 1039 2230; x_wconf 90' lang='lat' dir='ltr'><strong>atque</strong></span> <span class='ocrx_word' id='word_1_237' title='bbox 1060 2173 1289 2217; x_wconf 89' lang='lat' dir='ltr'><strong>virtutem</strong></span> <span class='ocrx_word' id='word_1_238' title='bbox 1310 2172 1541 2216; x_wconf 83' lang='lat' dir='ltr'><strong>Martinus</strong></span> <span class='ocrx_word' id='word_1_239' title='bbox 1564 2172 1779 2229; x_wconf 76' lang='lat' dir='ltr'><strong>egisset“.</strong></span> 
     </span>
    </p>

    <p class='ocr_par' dir='ltr' id='par_1_5' title="bbox 179 2248 1779 2936">
     <span class='ocr_line' id='line_1_28' title="bbox 328 2248 1779 2309; baseline -0.001 -16"><span class='ocrx_word' id='word_1_240' title='bbox 328 2249 511 2306; x_wconf 85' lang='lat' dir='ltr'><strong>Restat,</strong></span> <span class='ocrx_word' id='word_1_241' title='bbox 560 2255 615 2293; x_wconf 93' lang='lat' dir='ltr'><strong>ut</strong></span> <span class='ocrx_word' id='word_1_242' title='bbox 647 2248 799 2294; x_wconf 91' lang='lat' dir='ltr'><strong>dicam</strong></span> <span class='ocrx_word' id='word_1_243' title='bbox 847 2249 905 2294; x_wconf 90' lang='lat' dir='ltr'><strong>de</strong></span> <span class='ocrx_word' id='word_1_244' title='bbox 936 2249 1176 2308; x_wconf 87' lang='lat' dir='ltr'><strong>frequenti</strong></span> <span class='ocrx_word' id='word_1_245' title='bbox 1223 2264 1312 2293; x_wconf 92' lang='lat' dir='ltr'><strong>usu</strong></span> <span class='ocrx_word' id='word_1_246' title='bbox 1345 2248 1700 2309; x_wconf 84' lang='lat' dir='ltr'><strong>participiorum</strong></span> <span class='ocrx_word' id='word_1_247' title='bbox 1731 2253 1779 2293; x_wconf 86' lang='lat' dir='ltr'><strong>et</strong></span> 
     </span>
     <span class='ocr_line' id='line_1_29' title="bbox 183 2328 1779 2386; baseline -0.002 -14"><span class='ocrx_word' id='word_1_248' title='bbox 183 2328 504 2372; x_wconf 84' lang='lat' dir='ltr'><strong>ablativorum</strong></span> <span class='ocrx_word' id='word_1_249' title='bbox 552 2329 885 2384; x_wconf 91' lang='lat' dir='ltr'><strong>absolutorum,</strong></span> <span class='ocrx_word' id='word_1_250' title='bbox 935 2329 1106 2386; x_wconf 81' lang='lat' dir='ltr'><strong>quibus</strong></span> <span class='ocrx_word' id='word_1_251' title='bbox 1152 2328 1384 2385; x_wconf 89' lang='lat' dir='ltr'><strong>Sulpicius</strong></span> <span class='ocrx_word' id='word_1_252' title='bbox 1417 2328 1621 2371; x_wconf 84' lang='lat' dir='ltr'><strong>Severus</strong></span> <span class='ocrx_word' id='word_1_253' title='bbox 1667 2341 1779 2369; x_wconf 90' lang='lat' dir='ltr'><strong>usus</strong></span> 
     </span>
     <span class='ocr_line' id='line_1_30' title="bbox 184 2404 1777 2465; baseline -0.001 -16"><span class='ocrx_word' id='word_1_254' title='bbox 184 2409 257 2449; x_wconf 87' lang='lat' dir='ltr'><strong>est</strong></span> <span class='ocrx_word' id='word_1_255' title='bbox 289 2404 543 2450; x_wconf 88' lang='lat' dir='ltr'><strong>brevitatis</strong></span> <span class='ocrx_word' id='word_1_256' title='bbox 579 2405 738 2451; x_wconf 89' lang='lat' dir='ltr'><strong>studio</strong></span> <span class='ocrx_word' id='word_1_257' title='bbox 771 2410 1044 2451; x_wconf 87' lang='lat' dir='ltr'><strong>commotus.</strong></span> <span class='ocrx_word' id='word_1_258' title='bbox 1096 2404 1349 2451; x_wconf 87' lang='lat' dir='ltr'><strong>Sallustius</strong></span> <span class='ocrx_word' id='word_1_259' title='bbox 1380 2404 1558 2465; x_wconf 78' lang='lat' dir='ltr'><strong>primus</strong></span> <span class='ocrx_word' id='word_1_260' title='bbox 1589 2404 1777 2464; x_wconf 89' lang='lat' dir='ltr'><strong>partici-</strong></span> 
     </span>
     <span class='ocr_line' id='line_1_31' title="bbox 181 2481 1779 2542; baseline 0 -17"><span class='ocrx_word' id='word_1_261' title='bbox 181 2483 366 2542; x_wconf 90' lang='lat' dir='ltr'><strong>piorum</strong></span> <span class='ocrx_word' id='word_1_262' title='bbox 411 2483 547 2541; x_wconf 85' lang='lat' dir='ltr'><strong>copia</strong></span> <span class='ocrx_word' id='word_1_263' title='bbox 578 2484 745 2527; x_wconf 87' lang='lat' dir='ltr'><strong>ceteris</strong></span> <span class='ocrx_word' id='word_1_264' title='bbox 786 2483 1093 2542; x_wconf 87' lang='lat' dir='ltr'><strong>scriptoribus</strong></span> <span class='ocrx_word' id='word_1_265' title='bbox 1124 2486 1348 2541; x_wconf 86' lang='lat' dir='ltr'><strong>praestat,</strong></span> <span class='ocrx_word' id='word_1_266' title='bbox 1396 2481 1647 2526; x_wconf 86' lang='lat' dir='ltr'><strong>Sallustius</strong></span> <span class='ocrx_word' id='word_1_267' title='bbox 1677 2482 1779 2540; x_wconf 91' lang='lat' dir='ltr'><strong>ipse</strong></span> 
     </span>
     <span class='ocr_line' id='line_1_32' title="bbox 183 2558 1777 2619; baseline 0 -15"><span class='ocrx_word' id='word_1_268' title='bbox 183 2575 213 2604; x_wconf 90' lang='lat' dir='ltr'><strong>a</strong></span> <span class='ocrx_word' id='word_1_269' title='bbox 242 2559 376 2605; x_wconf 85' lang='lat' dir='ltr'><strong>Livio</strong></span> <span class='ocrx_word' id='word_1_270' title='bbox 409 2564 671 2619; x_wconf 86' lang='lat' dir='ltr'><strong>superatur,</strong></span> <span class='ocrx_word' id='word_1_271' title='bbox 719 2560 800 2605; x_wconf 89' lang='lat' dir='ltr'><strong>sed</strong></span> <span class='ocrx_word' id='word_1_272' title='bbox 831 2565 1086 2618; x_wconf 88' lang='lat' dir='ltr'><strong>utrumque</strong></span> <span class='ocrx_word' id='word_1_273' title='bbox 1132 2560 1272 2617; x_wconf 88' lang='lat' dir='ltr'><strong>longe</strong></span> <span class='ocrx_word' id='word_1_274' title='bbox 1301 2558 1539 2618; x_wconf 85' lang='lat' dir='ltr'><strong>praecedit</strong></span> <span class='ocrx_word' id='word_1_275' title='bbox 1572 2559 1777 2604; x_wconf 69' lang='lat' dir='ltr'><strong>Tacitus</strong></span> 
     </span>
     <span class='ocr_line' id='line_1_33' title="bbox 182 2636 1776 2695; baseline -0.001 -15"><span class='ocrx_word' id='word_1_276' title='bbox 182 2637 446 2695; x_wconf 90' lang='lat' dir='ltr'><strong>Sulpicium</strong></span> <span class='ocrx_word' id='word_1_277' title='bbox 477 2637 706 2681; x_wconf 89' lang='lat' dir='ltr'><strong>Severum</strong></span> <span class='ocrx_word' id='word_1_278' title='bbox 738 2637 1006 2695; x_wconf 86' lang='lat' dir='ltr'><strong>frequentia</strong></span> <span class='ocrx_word' id='word_1_279' title='bbox 1036 2636 1392 2695; x_wconf 85' lang='lat' dir='ltr'><strong>participiorum</strong></span> <span class='ocrx_word' id='word_1_280' title='bbox 1440 2640 1538 2680; x_wconf 89' lang='lat' dir='ltr'><strong>tres</strong></span> <span class='ocrx_word' id='word_1_281' title='bbox 1570 2636 1674 2680; x_wconf 89' lang='lat' dir='ltr'><strong>illos</strong></span> <span class='ocrx_word' id='word_1_282' title='bbox 1704 2651 1776 2679; x_wconf 94' lang='lat' dir='ltr'><strong>re-</strong></span> 
     </span>
     <span class='ocr_line' id='line_1_34' title="bbox 180 2713 1776 2774; baseline -0.001 -16"><span class='ocrx_word' id='word_1_283' title='bbox 180 2729 287 2758; x_wconf 90' lang='lat' dir='ltr'><strong>rum</strong></span> <span class='ocrx_word' id='word_1_284' title='bbox 319 2714 573 2774; x_wconf 88' lang='lat' dir='ltr'><strong>scriptores</strong></span> <span class='ocrx_word' id='word_1_285' title='bbox 604 2715 842 2759; x_wconf 86' lang='lat' dir='ltr'><strong>imitatum</strong></span> <span class='ocrx_word' id='word_1_286' title='bbox 887 2730 987 2759; x_wconf 86' lang='lat' dir='ltr'><strong>esse</strong></span> <span class='ocrx_word' id='word_1_287' title='bbox 1019 2714 1245 2770; x_wconf 80' lang='lat' dir='ltr'><strong>invenieS,</strong></span> <span class='ocrx_word' id='word_1_288' title='bbox 1278 2728 1558 2772; x_wconf 89' lang='lat' dir='ltr'><strong>quocunque</strong></span> <span class='ocrx_word' id='word_1_289' title='bbox 1588 2713 1689 2758; x_wconf 94' lang='lat' dir='ltr'><strong>loco</strong></span> <span class='ocrx_word' id='word_1_290' title='bbox 1721 2713 1776 2756; x_wconf 89' lang='lat' dir='ltr'><strong>li-</strong></span> 
     </span>
     <span class='ocr_line' id='line_1_35' title="bbox 179 2791 1777 2852; baseline 0 -16"><span class='ocrx_word' id='word_1_291' title='bbox 179 2792 290 2836; x_wconf 90' lang='lat' dir='ltr'><strong>bros</strong></span> <span class='ocrx_word' id='word_1_292' title='bbox 322 2792 421 2837; x_wconf 85' lang='lat' dir='ltr'><strong>eius</strong></span> <span class='ocrx_word' id='word_1_293' title='bbox 454 2793 701 2838; x_wconf 87' lang='lat' dir='ltr'><strong>evolveris.</strong></span> <span class='ocrx_word' id='word_1_294' title='bbox 733 2793 808 2837; x_wconf 86' lang='lat' dir='ltr'><strong>Ex</strong></span> <span class='ocrx_word' id='word_1_295' title='bbox 840 2793 1014 2849; x_wconf 87' lang='lat' dir='ltr'><strong>multis,</strong></span> <span class='ocrx_word' id='word_1_296' title='bbox 1046 2807 1167 2850; x_wconf 88' lang='lat' dir='ltr'><strong>quae</strong></span> <span class='ocrx_word' id='word_1_297' title='bbox 1198 2792 1377 2850; x_wconf 86' lang='lat' dir='ltr'><strong>collegi,</strong></span> <span class='ocrx_word' id='word_1_298' title='bbox 1410 2791 1633 2852; x_wconf 85' lang='lat' dir='ltr'><strong>exemplis</strong></span> <span class='ocrx_word' id='word_1_299' title='bbox 1665 2791 1777 2836; x_wconf 87' lang='lat' dir='ltr'><strong>haec</strong></span> 
     </span>
     <span class='ocr_line' id='line_1_36' title="bbox 180 2869 1775 2936; baseline 0 -21"><span class='ocrx_word' id='word_1_300' title='bbox 180 2870 230 2919; x_wconf 83' lang='lat' dir='ltr'><strong>in</strong></span> <span class='ocrx_word' id='word_1_301' title='bbox 262 2869 469 2920; x_wconf 86' lang='lat' dir='ltr'><strong>medium</strong></span> <span class='ocrx_word' id='word_1_302' title='bbox 500 2870 761 2936; x_wconf 72' lang='lat' dir='ltr'><strong>proferam:</strong></span> <span class='ocrx_word' id='word_1_303' title='bbox 812 2871 918 2916; x_wconf 91' lang='lat' dir='ltr'><strong>Chr.</strong></span> <span class='ocrx_word' id='word_1_304' title='bbox 941 2871 976 2915; x_wconf 91' lang='grc' dir='ltr'><strong>Ι.</strong></span> <span class='ocrx_word' id='word_1_305' title='bbox 1010 2871 1051 2927; x_wconf 84' lang='grc'>5,</span> <span class='ocrx_word' id='word_1_306' title='bbox 1075 2871 1103 2913; x_wconf 86' lang='grc'>2</span> <span class='ocrx_word' id='word_1_307' title='bbox 1153 2885 1274 2933; x_wconf 85' lang='lat' dir='ltr'><strong>„qua</strong></span> <span class='ocrx_word' id='word_1_308' title='bbox 1304 2874 1587 2934; x_wconf 88' lang='lat' dir='ltr'><strong>tempestate</strong></span> <span class='ocrx_word' id='word_1_309' title='bbox 1618 2870 1775 2916; x_wconf 53' lang='lat' dir='ltr'><strong>admo*</strong></span> 
     </span>
    </p>
   </div>
  </div>
 </body>
</html>
