1961 3279
827 127 1125 174 -42-

179 254 353 302 iudicio
385 261 577 315 certare,
620 263 787 318 sponte
802 260 1032 304 «cessere“.
1093 260 1155 305 Μ.
1189 261 1228 316 8,
1262 261 1291 305 3
1338 272 1471 317 „mox
1489 258 1771 306 *xviveseen'te

180 336 332 392 vultu,
379 336 772 380 marcescentibus
806 337 951 380 oculis
974 337 1034 380 *in
1066 352 1147 382 ora
1177 336 1304 381 illius
1346 336 1596 382 defunctu·
1622 338 1769 397 ‘erigi-

179 417 279 457 tur:
314 413 547 471 lentoque
578 413 820 458 conamine
864 413 1021 458 enisus
1053 413 1317 473 adsurgere,
1364 415 1655 475 *adprehensa
1689 415 1770 460 be·

181 492 251 536 ati
277 491 372 537 viri
403 492 596 536 dextera
627 493 677 535 in
699 492 850 552 pedes
882 493 1097 537 constitit
1129 497 1272 551 atque
1302 494 1371 538 ita
1401 506 1507 538 cum
1524 508 1592 538 ·eo
1623 506 1772 552 usque

181 569 242 613 ad
273 569 560 614 vestibulum
592 569 768 626 domus,
810 569 958 614 ‘turba
975 569 1116 613 omni
1159 569 1465 630 inspectante,
1509 570 1772 629 prooessit“.

181 647 243 690 M.
280 649 347 703 16,
377 649 408 691 4
439 646 532 703 „ibi
563 647 856 706 inspectante
888 647 1062 706 populo
1095 648 1350 705 multisque
1382 648 1484 692 aliis
1515 645 1770 706 praesenti-

180 724 269 768 bus
316 724 558 784 episcopis,
606 725 785 769 eiulans
832 738 973 768 senex
1018 738 1178 783 genua
1219 725 1319 769 eius
1362 725 1661 785 amplectitur
1702 722 1772 769 di·-

182 817 291 846 eens
322 835 332 845 .
350 836 359 845 .
377 836 386 845 .
404 804 441 845 .“
504 803 562 846 D.
592 803 628 846 Ι.
661 804 701 858 3,
735 804 763 845 2
809 803 1002 860 „quinto
1044 802 1223 846 decimo
1270 802 1348 846 die
1378 802 1439 847 ad
1480 807 1670 862 portum
1695 816 1772 847 vre—

181 880 331 938 gressi
362 880 667 940 provectique
689 880 748 924 in
780 880 950 936 altum,
994 879 1327 924 Alexandriam
1359 884 1584 940 petentes,
1616 881 1772 926 'reluc-

182 962 316 1002 tante
348 963 507 1002 austro
552 973 700 1018 paene
730 959 780 1002 in
813 959 1003 1017 Syrtem
1050 958 1186 1002 inlati
1233 959 1430 1003 sumus“.
1487 959 1548 1002 D.
1580 959 1640 1003 11.
1676 957 1772 1015 1,-8

184 1041 312 1093 „tum
335 1035 521 1080 demum
554 1036 750 1081 clericus
781 1036 1063 1081 necessitate
1084 1036 1361 1096 compulsus,
1393 1037 1486 1081 iam
1511 1035 1619 1081 felle
1651 1049 1773 1081 oom-

183 1119 323 1171 moto,
357 1130 382 1158 e
413 1115 638 1174 proximis
652 1114 871 1159 ‘tabernis
902 1115 1179 1173 bigerricam
1201 1120 1382 1159 vestem
1405 1116 1621 1173 'quinque
1651 1127 1773 1159 oom-

183 1197 396 1252 paratam
444 1193 682 1251 argenteis
728 1193 853 1252 rapit
885 1197 1028 1251 atque
1074 1198 1185 1237 ante
1215 1192 1409 1237 Martini
1447 1192 1594 1252 ‘pedes
1626 1193 1774 1237 iratus

184 1270 416 1329 exponit“.
477 1271 640 1314 1301111.
675 1272 714 1326 6,
738 1273 765 1313 3
798 1303 833 1327 „.
948 1269 1027 1314 sed
1060 1270 1262 1314 admotis
1295 1270 1620 1328 energumenis
1651 1275 1774 1314 cete-

184 1362 260 1391 ros
291 1346 485 1391 iubebat
517 1347 777 1404 abscedere,
809 1363 863 1391 ac
896 1347 1076 1391 foribus
1109 1347 1335 1391 obseratis
1367 1347 1417 1390 in
1447 1346 1599 1391 medio
1631 1348 1774 1391 ecclc-

182 1426 280 1469 siae
311 1425 462 1469 cilicio
495 1425 838 1481 circumtectus,
872 1425 1028 1468 cinere
1058 1439 1309 1483 respersus,
1335 1424 1441 1468 ‘solo
1460 1428 1639 1469 stratus
1661 1437 1772 1469 'ora-

184 1503 304 1547 bat“.
368 1501 450 1547 cfr.
482 1502 588 1547 Chr.
620 1502 655 1546 I.
694 1504 758 1559 10,
795 1503 833 1546 7.
863 1502 899 1546 Ι.
936 1503 1002 1559 14,
1036 1503 1075 1546 5.
1108 1502 1143 1546 Ι.
1177 1502 1246 1559 21,
1278 1503 1319 1546 4.
1351 1502 1421 1559 22,
1452 1502 1493 1546 5.
1526 1503 1596 1559 26,
1620 1503 1670 1547 6.
1703 1502 1773 1559 28,

186 1583 225 1625 6.
259 1582 329 1637 29,
364 1583 391 1624 2
413 1585 460 1624 et
482 1582 522 1624 3.
553 1582 624 1637 30,
658 1582 697 1624 6.
729 1582 800 1636 41,
834 1582 873 1623 3.
907 1581 978 1636 48,
1017 1582 1050 1623 1.
1083 1581 1154 1636 50,
1181 1580 1227 1623 4.
1260 1580 1331 1635 51,
1363 1580 1404 1623 4.
1446 1579 1554 1623 Ohr.
1576 1580 1638 1623 II.
1674 1582 1711 1636 1,
1727 1580 1777 1623 5.

186 1664 226 1717 6,
260 1660 299 1703 2.
337 1660 404 1716 11,
438 1660 477 1703 2.
524 1659 585 1703 Μ.
617 1660 658 1715 4,
684 1663 722 1703 ’1.
757 1660 794 1715 7,
834 1661 867 1702 1.
905 1659 970 1715 13,
1003 1659 1044 1703 9.
1091 1658 1146 1702 1).
1168 1658 1203 1702 Ι.
1240 1659 1306 1715 15,
1340 1661 1379 1704 6.
1411 1657 1472 1702 H.
1505 1659 1545 1715 3,
1563 1659 1608 1703 6.
1645 1659 1712 1715 11,
1734 1658 1775 1702 4.

184 1738 241 1782 D.
271 1738 359 1781 111.
387 1739 432 1793 4,
466 1738 494 1780 2
525 1742 573 1781 et
603 1737 755 1781 multa
785 1737 888 1781 alia.

330 1893 461 1937 Haec
491 1893 633 1937 habui
662 1893 720 1937 de
753 1893 960 1952 Sulpicio
981 1894 1159 1938 Severo
1182 1892 1504 1949 Sallustianae,
1538 1892 1776 1949 Livianae,

186 1971 405 2015 Taciteae
435 1970 713 2015 elocutionis
739 1971 992 2027 imitatore,
1021 1985 1141 2028 quae
1172 1970 1385 2014 dicerem.
1436 1968 1638 2014 Etiamsi
1679 1982 1778 2013 =non

181 2048 316 2092 nulla
348 2063 523 2105 eorum,
570 2063 689 2106 quae
726 2048 879 2103 attuli,
927 2048 1244 2107 exemplorum
1278 2052 1442 2092 utrum
1479 2062 1534 2090 ex
1568 2047 1778 2106 ipsorum

186 2126 468 2186 scriptorum
499 2126 724 2182 Sallustii,
757 2126 899 2182 Livii,
933 2126 1086 2170 Taciti
1116 2125 1381 2169 imitatione
1412 2139 1441 2169 a
1460 2124 1668 2184 Sulpicio
1696 2124 1777 2169 Se-

186 2219 300 2249 vero
333 2219 553 2264 expressa
598 2204 693 2249 sint
726 2220 786 2249 an
816 2204 974 2264 potius
1005 2202 1252 2249 referenda
1282 2202 1341 2248 ad
1372 2212 1664 2247 communem
1691 2216 1777 2263 po*

186 2282 396 2327 sterioris
428 2282 597 2327 aetatis
629 2296 779 2339 usum,
812 2296 906 2326 non
944 2282 1057 2326 satis
1088 2281 1252 2340 liquet,
1284 2286 1445 2326 tamen
1476 2295 1533 2326 ex
1562 2281 1776 2326 multitu-

183 2360 297 2405 dine
327 2361 536 2405 locorum
572 2362 820 2406 allatorum
851 2361 901 2404 id
932 2361 1046 2405 satis
1078 2374 1303 2419 apparere
1333 2365 1467 2419 puto,
1519 2360 1778 2419 Sulpioium

188 2439 417 2483 Severum
452 2438 677 2496 Sallustii,
709 2438 849 2495 Livii,
883 2438 1036 2482 Taciti
1066 2437 1377 2481 elocutionem
1410 2437 1650 2482 imitatu-m
1675 2450 1779 2482 ⁴esse

188 2533 341 2575 neque
369 2516 565 2560 dubium
597 2518 759 2561 haberi
790 2532 937 2576 posse,
970 2517 1087 2573 quin
1110 2516 1344 2574 Sulpicius
1367 2516 1566 2560 Severus
1597 2516 1648 2559 in
1675 2521 1777 2559 toto

187 2609 360 2654 genere
391 2593 578 2640 dicendi
608 2594 811 2655 pendeat
843 2609 870 2639 a
901 2593 1138 2650 Sallustio,
1171 2593 1322 2650 Livio,
1356 2592 1533 2638 Tacito.

334 2674 427 2717 Sed
470 2674 745 2733 priusquam
790 2673 931 2716 finem
974 2672 1141 2715 faciam
1190 2672 1329 2715 huius
1361 2671 1779 2727 commentationis,

187 2757 348 2810 restat,
380 2758 435 2797 ut
462 2767 612 2812 pauca
632 2752 783 2797 dicam
805 2751 863 2796 de
896 2756 1074 2811 septem
1097 2750 1318 2810 epistolis,
1351 2765 1471 2809 quae
1501 2750 1552 2794 in
1573 2749 1781 2795 editione

185 2831 441 2877 Halmiana
470 2831 520 2875 in
552 2829 809 2891 appendice
854 2829 1038 2890 positae
1069 2833 1192 2872 sunt.
1254 2828 1440 2872 Primus
1469 2826 1667 2888 Sulpicii
1697 2826 1779 2872 Se·-

188 2910 290 2956 veri
334 2910 467 2954 libris
513 2909 597 2953 has
640 2908 860 2970 epistolas
907 2907 1090 2952 addidit
1121 2908 1190 2951 Jo.
1219 2906 1429 2951 ¹Clericus
1476 2906 1527 2950 in
1559 2905 1778 2961 editione,
