1961 3279
805 103 1101 159 ιιιῇῑξξ...ὃ

163 238 361 308 probari,
405 246 669 307 appendicis
714 247 931 306 epistolas
977 246 1176 306 Sulpicio
1208 246 1377 292 Severo
1424 242 1744 290 adscribendas

164 340 264 370 esse
277 328 311 383 ¹)
359 330 499 383 atque
544 325 781 370 Halmium
811 340 895 369 suo
942 325 1043 368 iure
1074 338 1147 369 eas
1178 338 1204 368 a
1235 324 1433 382 Sulpicio
1466 324 1634 369 Severo
1666 324 1744 367 ab·

164 403 376 460 iudicare,
408 417 512 448 cum
545 418 595 447 re
625 408 736 448 vera
765 403 889 447 color
919 403 1145 448 sermonis
1174 416 1200 447 a
1230 407 1488 447 ceterorum
1518 402 1744 447 librorum

164 495 335 539 genere
367 479 549 526 dicendi
580 480 833 526 abhorreat.
841 479 877 539 ²)

310 558 535 616 Sulpicius
567 559 764 603 Severus
810 558 867 602 ad
896 558 1120 617 temporis
1164 564 1451 601 momentum
1483 558 1743 616 significan-

165 636 278 681 dum
308 649 442 695 saepe
485 636 639 681 utitur
668 650 781 682 voce
826 637 1131 695 „tempestas“
1177 635 1276 695 (cfr.
1307 649 1408 695 pag.
1440 636 1500 695 6),
1547 649 1664 694 quae
1694 635 1745 679 in

165 714 416 773 appendice
461 729 556 759 uno
601 719 792 759 tantum
831 715 930 759 loco
971 714 1213 758 invenitur
1257 727 1359 773 pag.
1391 715 1491 771 255,
1528 715 1594 758 15.
1658 714 1746 769 (Ne

167 792 271 850 quis
301 796 451 850 putet,
482 792 764 837 occasionem
783 807 879 836 non
901 791 1045 836 fuisse
1076 791 1132 835 ad
1152 791 1238 836 hoc
1259 792 1535 836 vocabulum
1565 791 1746 849 saepius

167 868 501 928 usurpandum,
548 869 690 913 affero
721 882 822 928 pag.
854 870 955 926 234,
993 871 1059 913 11.
1107 870 1207 926 236,
1240 870 1280 914 2.
1327 869 1428 926 252,
1459 870 1529 926 20,
1577 869 1746 927 quibus

166 946 277 991 locis
307 948 543 1006 „tempus“
573 947 759 1006 legitur.

312 1024 633 1085 Discrepantia
663 1040 717 1070 eo
748 1039 936 1084 quoque
965 1024 1226 1083 intercedit,
1258 1025 1385 1084 quod
1416 1025 1644 1085 Sulpicius
1670 1025 1746 1070 Se-

168 1116 306 1148 verus
337 1117 470 1161 saepe
500 1117 613 1147 usus
645 1107 716 1147 est
762 1103 995 1147 adverbiis
1025 1103 1072 1147 in
1108 1103 1225 1160 „im“
1257 1104 1547 1160 exeuntibus,
1578 1117 1746 1163 appen-

168 1181 282 1225 dicis
324 1181 625 1239 epistolarum
671 1182 867 1239 scriptor
912 1182 1155 1226 rarissime.
1215 1182 1358 1240 Apud
1389 1183 1640 1240 Sulpicium
1671 1182 1747 1226 Se-

168 1272 333 1301 verum
378 1258 623 1316 leguntur:
670 1258 863 1317 carptim
894 1257 1003 1302 Chr.
1035 1258 1072 1302 Ι.
1110 1260 1145 1316 1,
1183 1260 1217 1302 1.
1264 1259 1533 1305 catervatim
1575 1259 1683 1304 Chr.-
1712 1258 1748 1302 Ι.

169 1337 239 1392 21,
272 1337 313 1381 2.
345 1337 406 1380 II.
437 1337 509 1392 43,
541 1338 582 1380 4.
614 1337 686 1393 46,
718 1338 759 1380 6.
809 1337 866 1380 D.
898 1337 958 1380 Π.
989 1338 1030 1393 4,
1063 1338 1101 1381 8.
1164 1337 1376 1381 certatim
1408 1337 1515 1382 Chr.
1545 1338 1604 1381 H.
1635 1339 1676 1393 5,
1709 1340 1748 1381 2.

174 1413 240 1469 18,
274 1413 313 1457 6.
345 1414 415 1470 32,
447 1413 487 1458 4.
524 1414 590 1470 11,
621 1414 663 1457 4.
709 1413 766 1458 D.
786 1413 823 1458 Ι.
857 1415 925 1471 11,
960 1414 997 1458 7.
1029 1414 1100 1470 23,
1132 1414 1172 1458 4.
1220 1413 1327 1459 Chr.
1349 1415 1385 1459 I.
1417 1416 1488 1471 31,
1510 1415 1550 1459 5.
1586 1415 1646 1459 H.
1679 1416 1749 1471 33,

171 1492 210 1534 8.
271 1490 445 1534 affatim
493 1490 598 1534 Chr.
630 1491 690 1534 ΙΙ.
730 1491 801 1548 39,
833 1491 873 1534 9.
933 1490 1122 1534 interim
1170 1491 1276 1535 Chr.
1307 1492 1368 1536 II.
1411 1493 1486 1549 23,
1518 1493 1558 1536 4.
1606 1493 1677 1549 29,
1710 1492 1749 1536 5.

171 1571 242 1626 47,
273 1571 314 1613 4.
351 1571 422 1626 49,
455 1571 495 1613 5.
541 1569 597 1613 D.
629 1570 665 1613 I.
700 1571 766 1626 11,
799 1571 839 1614 3.
890 1571 956 1626 14,
989 1571 1029 1613 2.
1077 1571 1147 1626 20,
1180 1571 1220 1614 6.
1266 1571 1335 1627 22,
1369 1572 1408 1614 2.
1457 1571 1513 1614 D.
1544 1571 1605 1614 II.
1641 1573 1677 1627 1,
1714 1573 1749 1614 1.

173 1648 212 1704 2,
244 1648 284 1691 4.
317 1648 357 1704 3,
390 1649 429 1692 2.
462 1650 502 1705 6,
534 1648 574 1692 3.
610 1648 677 1704 13,
710 1648 749 1691 2.
794 1647 851 1691 D.
881 1647 968 1691 III.
1004 1650 1071 1704 12,
1094 1648 1134 1691 3.
1168 1648 1234 1704 17,
1257 1649 1298 1692 2.
1338 1648 1613 1692 nominatim
1643 1647 1751 1692 Chr.

170 1725 207 1768 I.
237 1726 279 1781 4,
310 1726 351 1769 3.
411 1724 631 1784 paulatim
664 1724 771 1769 Chr.
800 1725 836 1769 I.
868 1728 908 1781 2,
941 1727 980 1770 8.
1013 1726 1082 1782 24,
1115 1727 1155 1769 2.
1202 1725 1309 1769 Chr.
1339 1725 1400 1769 ΙΙ.
1438 1727 1503 1782 13,
1537 1727 1577 1769 6.
1606 1726 1679 1782 43,
1710 1727 1751 1769 4.

172 1803 243 1859 44,
276 1803 316 1847 3.
361 1804 434 1860 46,
468 1804 507 1848 7.
558 1803 619 1848 Μ.
653 1804 691 1859 7,
724 1804 764 1847 3.
816 1804 882 1859 13,
915 1805 955 1847 6.
1005 1804 1073 1860 16,
1105 1804 1144 1848 8.
1206 1803 1375 1861 passim
1407 1803 1508 1848 Chr.
1539 1804 1575 1848 I.
1607 1805 1677 1860 25,
1713 1805 1751 1848 7.

172 1880 243 1936 31,
276 1881 316 1925 6.
363 1880 468 1925 Chr.
499 1881 559 1925 ΙΙ.
592 1882 662 1937 30,
695 1882 735 1925 3.
786 1880 1058 1939 praesertim
1089 1880 1194 1925 Chr.
1225 1881 1260 1924 I.
1291 1882 1362 1937 40,
1396 1882 1435 1924 2.
1482 1881 1538 1925 D.
1568 1881 1606 1926 I.
1639 1883 1678 1937 7,
1711 1883 1750 1925 6.

172 1957 342 2015 partim
373 1959 476 2002 Chr.
507 1958 568 2002 II.
600 1960 640 2015 2,
662 1959 704 2003 5.
735 1959 807 2015 43,
828 1960 858 2002 4
888 1958 1012 2017 (bis).
1044 1959 1085 2015 3,
1117 1960 1157 2002 5.
1194 1959 1255 2002 M.
1287 1959 1357 2015 25,
1386 1961 1404 2002 1
1431 1959 1552 2016 (bis).
1583 1959 1751 2017 raptim

321 2173 358 2221 1)
384 2172 514 2222 Neque
538 2172 725 2212 Pauckero
762 2174 833 2222 ipsi
859 2186 902 2213 ex
926 2176 1024 2212 omni
1049 2177 1154 2223 parte
1178 2185 1392 2223 persuasum
1417 2187 1507 2222 esse,
1544 2174 1754 2223 appendicis

174 2239 348 2287 epistolas
374 2252 395 2276 a
421 2240 583 2287 Sulpicio
610 2240 741 2278 Severo
767 2242 922 2289 scriptas
947 2253 1039 2288 esse,
1065 2242 1181 2289 ipsius
1205 2242 1317 2278 verba
1341 2241 1491 2279 docent:
1529 2242 1752 2288 „Enimvero,

174 2307 339 2353 quamvis
375 2307 453 2353 ipse
478 2306 671 2343 traditioni
707 2306 817 2343 fidem
854 2308 1016 2344 tribuere
1040 2309 1099 2344 vix
1124 2306 1306 2354 dubitem,
1344 2306 1594 2345 dubitantium
1629 2310 1753 2344 tamen

174 2372 395 2408 auctoritate
421 2373 573 2408 eatenus
596 2383 752 2419 moveor,
789 2375 833 2408 ut
857 2384 912 2419 ea,
949 2383 1043 2420 quae
1069 2383 1112 2408 ex
1149 2373 1315 2420 epistolis
1349 2373 1577 2410 addubitat-is
1612 2373 1752 2410 enotari

174 2439 347 2484 poterant
370 2436 460 2483 (non
477 2437 672 2474 admodum
687 2437 822 2484 multa)
848 2439 914 2474 aut
937 2438 1189 2485 praeterierim
1212 2440 1279 2475 aut
1295 2440 1394 2476 certe
1418 2440 1457 2475 in
1479 2439 1753 2476 annotationem

174 2502 386 2540 reiecerim“
413 2503 453 2549 (1.
480 2503 505 2541 1.
529 2515 615 2551 pag.
639 2503 692 2550 3).

318 2575 357 2623 2)
383 2576 495 2613 Dicat
518 2576 673 2628 forsitan
698 2577 891 2624 quispiam,
919 2576 1015 2615 hanc
1040 2577 1285 2617 differentiam
1310 2578 1414 2626 sequi
1439 2589 1481 2614 ex
1505 2578 1586 2624 ipsa
1609 2577 1663 2614 rei
1687 2586 1751 2613 na-

174 2645 270 2688 tura,
296 2653 379 2679 cum
403 2643 481 2680 sint
504 2642 693 2690 epistolae,
723 2655 876 2691 eamque
901 2644 947 2681 ob
972 2655 1120 2680 causam
1144 2643 1223 2681 sffli
1247 2644 1530 2694 discrepantiam
1554 2642 1647 2679 nihil
1671 2653 1752 2689 per·

174 2710 293 2747 tinere
327 2708 375 2746 ad
398 2709 650 2756 quaestionem
686 2708 791 2746 illam
815 2709 1085 2757 diudicandam,
1121 2712 1245 2747 utrum
1281 2709 1492 2757 appendicis
1529 2708 1705 2756 epistolae
1730 2720 1754 2745 a

175 2774 338 2821 Sulpicio
364 2773 495 2810 Severo
520 2774 748 2820 conscriptae
773 2775 849 2810 sint
873 2784 997 2811 necne.
1047 2774 1116 2810 Cui
1140 2773 1345 2811 sententiae
1369 2774 1504 2819 obstat,
1537 2773 1634 2820 quod
1659 2773 1753 2810 duae

175 2840 313 2888 priores
338 2839 486 2887 quidem
503 2839 691 2887 epistolae,
716 2851 811 2886 quae
836 2840 935 2876 solae
952 2840 1028 2876 fere
1053 2840 1309 2886 respiciuntur,
1333 2840 1453 2876 verius
1470 2841 1557 2876 sunt
1573 2851 1753 2878 commcn-

175 2906 348 2954 tationes,
373 2916 467 2954 quae
492 2905 679 2954 scriptoris
704 2905 819 2942 sorori
843 2905 1041 2953 inscriptae
1066 2906 1163 2952 sunt,
1188 2916 1298 2953 quam
1323 2905 1511 2954 epistolae.
