1961 3279
210 255 340 302 nitus
370 272 398 301 a
427 256 541 312 Deo,
588 255 789 315 domum,
835 255 1036 329 patriam
1078 271 1133 309 ac
1162 259 1345 322 patrem
1393 254 1673 313 relinquens,
1719 268 1791 299 as-

211 335 398 395 sumpto
428 333 555 381 Loth
587 333 749 379 fratris
777 333 875 379 filio
911 333 963 379 in
992 339 1166 382 terram
1197 332 1582 380 Chananaeorum
1612 329 1792 393 profec-

210 417 289 457 tus
318 412 368 457 in
398 400 514 469 loco,
547 411 622 457 cui
653 392 873 470 Sychem
886 416 1056 456 nomen
1081 416 1171 467 est,
1202 410 1452 455 consedit‘fl
1495 409 1604 454 Chr.
1624 410 1682 454 Ι.
1692 412 1732 466 9,
1764 412 1793 454 4

211 507 332 551 „qua
361 491 534 536 iniuria
550 490 719 545 Laban
748 498 973 549 generum
994 468 1279 550 persecutus,
1310 504 1408 534 non
1426 490 1624 555 repertis
1644 488 1792 544 idolis,

209 584 324 629 pace
353 568 479 613 facta
509 582 746 627 regressus
778 572 862 627 est,
894 568 1097 612 multum
1127 568 1390 613 obtestatus
1420 569 1645 626 generum
1676 600 1686 610 .
1703 600 1713 610 .
1731 600 1740 609 .
1757 567 1793 610 .“

211 648 317 693 Chr.
348 648 384 692 Ι.
419 649 486 704 12,
509 648 537 710 5
568 647 663 703 „ita
693 646 843 692 Jacob
856 688 861 696 ,.
871 647 924 691 in
953 646 1228 706 Aegyptum
1259 645 1512 702 descendit,
1530 644 1794 704 ,Aegyptiis

211 724 462 770 admodum
481 723 795 782 laetantibus,
811 721 1047 783 gaudente
1067 739 1190 783 rege,
1221 724 1424 783 benigne
1445 738 1473 768 a
1491 723 1588 771 filio
1608 736 1792 782 suscep-

210 805 325 848 tus“.
386 802 493 848 Chr.
524 803 560 847 1.
596 804 663 859 13,
694 804 723 846 4
770 817 889 861 „quo
919 806 1159 861 permotus
1191 794 1361 859 dolore,
1404 801 1600 846 fratrem
1632 800 1691 845 ab
1721 800 1793 844 in-

209 881 331 926 iuria
350 880 607 938 vindicans,
630 880 921 941 Aegyptium
942 881 1067 925 calce
1095 881 1359 941 perculsum
1381 875 1656 925 interemit“.
1687 877 1792 923 Chr.

209 958 246 1003 Ι.
281 959 348 1016 14,
385 960 406 1002 1
455 962 531 1015 „at
570 958 776 1003 Hebraei
822 957 1132 1018 multiplicato
1174 957 1418 1003 servitutis
1465 957 1588 1002 malo
1633 956 1793 1017 pressi,

211 1036 411 1094 querelis
455 1036 504 1080 in
537 1036 716 1080 coelum
763 1036 1014 1092 conversis,
1059 1050 1190 1095 spem
1230 1036 1391 1080 auxilii
1422 1051 1450 1079 a
1480 1036 1582 1080 Deo
1613 1039 1793 1094 specta-

210 1113 363 1158 bant“.
425 1113 531 1159 Chr.
563 1113 598 1157 Ι.
636 1114 701 1170 14,
734 1114 762 1158 3
806 1113 898 1171 „ita
928 1113 1116 1173 Moyses
1157 1113 1206 1158 in
1238 1112 1515 1173 Aegyptum
1543 1111 1793 1173 profectus,

210 1191 356 1249 signis
407 1192 536 1251 prius
588 1191 715 1251 apud
765 1206 872 1236 suos
924 1191 1087 1248 editis,
1149 1196 1388 1251 assumpto
1440 1191 1587 1235 fratre
1637 1206 1793 1249 regem

210 1268 365 1314 adiit‘fl
411 1269 518 1315 Chr.
539 1269 575 1314 I.
602 1271 668 1326 17,
692 1270 720 1313 2
751 1269 964 1328 „Moyses
995 1269 1091 1314 suis
1121 1270 1171 1313 in
1200 1269 1432 1329 proelium
1465 1268 1656 1324 eductiS,
1688 1284 1793 1314 cum

210 1347 244 1391 J
245 1361 377 1391 esum
407 1347 688 1392 bellantibus
709 1345 1022 1407 praefecisset,
1054 1351 1293 1406 assumpto
1313 1346 1473 1391 Aaron
1494 1351 1542 1391 et
1563 1347 1635 1392 Ur
1664 1362 1793 1407 spec-

209 1429 336 1469 tator
382 1440 569 1484 pugnae
615 1424 843 1469 futurus“.
905 1424 1013 1469 Chr.
1043 1425 1080 1468 1.
1113 1426 1183 1481 26,
1220 1427 1240 1468 1
1279 1429 1327 1468 et
1359 1426 1387 1468 2
1434 1424 1541 1481 „sed
1571 1423 1794 1469 defuncto

212 1500 407 1546 Gedeon
436 1501 561 1545 filius
593 1501 691 1545 eius
712 1500 996 1558 Abimelech,
1027 1515 1085 1545 ex
1105 1501 1363 1545 concubina
1394 1506 1537 1557 ortuS,
1569 1500 1794 1545 fratribus

210 1578 520 1637 interemptis,
550 1578 762 1638 pessimis
794 1578 1059 1637 quibusque
1089 1578 1489 1623 consentientibus
1521 1583 1569 1623 et
1595 1578 1794 1623 maxime

212 1655 490 1701 Sicimorum
536 1654 826 1716 principibus
857 1669 1046 1716 operam
1087 1655 1384 1714 navantibus,
1432 1670 1631 1715 regnum
1661 1670 1793 1701 occu-

210 1734 382 1794 pavit“.
444 1733 550 1778 Chr.
582 1734 618 1778 I.
652 1735 721 1790 27,
754 1735 773 1777 1
809 1748 1021 1790 „rursum
1050 1734 1293 1779 Israelitae
1323 1734 1383 1778 ad
1413 1734 1538 1779 idola
1568 1735 1793 1791 conversi,

212 1811 374 1856 divino
406 1810 622 1855 destituti
653 1811 898 1870 praesidio,
931 1811 1126 1855 subiecti
1159 1811 1427 1871 Allophylis
1459 1844 1496 1856 ..
1512 1845 1522 1855 .
1542 1813 1579 1855 .“
1621 1812 1727 1856 Chr.
1758 1813 1794 1856 Ι.

211 1889 281 1945 27,
304 1889 332 1934 5
363 1892 492 1945 „tum
523 1888 750 1948 compulsi
774 1888 807 1933 J
807 1887 945 1933 udaei
976 1888 1190 1933 vinctum
1221 1903 1327 1933 eum
1348 1889 1619 1949 Allophylis
1649 1889 1793 1933 tradi-

210 1965 402 2011 derunt:
439 1965 521 2010 sed
550 1965 757 2010 traditus
788 1966 939 2025 ruptis
970 1966 1172 2010 vinculis
1203 1970 1390 2025 arrepto
1423 1981 1525 2010 osse
1555 1967 1674 2011 asini
1705 2001 1715 2010 .
1732 2001 1742 2010 .
1760 1968 1795 2010 .“

210 2042 316 2087 Chr.
347 2043 383 2087 Ι.
414 2044 486 2099 43,
520 2044 546 2088 8
589 2047 664 2099 „at
694 2043 775 2086 ille
807 2057 992 2087 caesum
1023 2043 1230 2087 vitulum
1259 2044 1498 2102 imposuit,
1530 2059 1636 2088 cum
1666 2044 1796 2103 prius

210 2120 463 2165 sacrarium
492 2134 614 2179 aqua
643 2120 877 2180 opplesset
908 2120 1220 2179 invocatoque
1241 2120 1443 2165 Domino
1475 2121 1796 2181 spectantibus

209 2198 392 2242 cunctis
435 2198 559 2255 ignis
590 2198 718 2241 coelo
750 2197 966 2257 delapsus
998 2212 1168 2256 aquam
1199 2213 1305 2242 cum
1335 2199 1490 2242 hostia
1521 2199 1793 2258 absumpsit.

208 2280 312 2320 tum
343 2289 457 2321 vero
488 2275 690 2335 populus
721 2275 818 2319 solo
839 2279 1016 2320 stratus
1038 2276 1185 2320 Deum
1216 2275 1368 2332 fateri,
1399 2275 1524 2321 idola
1545 2276 1793 2321 exsecrari:

208 2356 444 2410 postremo
491 2352 625 2396 Eliae
655 2352 785 2396 iussu
816 2351 1005 2411 profani
1053 2352 1316 2397 sacerdotes
1363 2353 1684 2412 comprehensi
1715 2353 1793 2397 de-

209 2428 433 2488 ductique
480 2429 541 2475 ad
586 2434 844 2475 torrentem
889 2430 1044 2475 necati
1089 2432 1237 2475 sunt“.
1299 2431 1406 2476 Chr.
1436 2431 1498 2475 H.
1539 2432 1579 2488 5,
1612 2433 1640 2475 5
1682 2447 1794 2488 „nec

208 2507 358 2553 multo
404 2511 510 2566 post
557 2507 738 2552 obiecto
783 2508 873 2552 sibi
919 2507 1129 2564 somnio,
1164 2522 1274 2552 mox
1318 2522 1433 2553 voce
1480 2508 1621 2552 etiam
1668 2509 1794 2552 caelo

209 2584 376 2629 emissa
423 2584 688 2629 admonitus
731 2589 967 2644 potestate
1014 2585 1143 2643 regia
1174 2586 1355 2630 abiecta
1402 2590 1544 2643 atque
1575 2586 1634 2629 ab
1666 2586 1795 2629 omni

208 2660 561 2705 conversatione
592 2660 795 2706 humana
826 2665 1044 2718 remotus,
1075 2661 1233 2705 herbis
1265 2666 1452 2705 tantum
1472 2661 1623 2706 vitam
1654 2662 1794 2706 susti-

207 2753 335 2796 nenS,
369 2737 517 2797 egisse
545 2738 886 2797 poenitentiam
917 2738 1159 2783 traditur“.
1204 2738 1311 2784 Chr.
1344 2739 1404 2783 Π.
1441 2740 1508 2796 16,
1541 2741 1568 2785 6
1600 2738 1795 2796 „Judaei

207 2815 444 2875 fugientes
474 2816 708 2876 persecuti
739 2817 977 2874 caesisque
1002 2816 1168 2862 ¹multis
1199 2816 1385 2861 milibus
1417 2851 1427 2861 .
1445 2851 1454 2861 .
1472 2851 1482 2861 .
1497 2819 1532 2862 .“
1595 2818 1702 2863 Chr.
1733 2819 1794 2863 ΙΙ.

207 2895 279 2951 47,
314 2896 339 2939 7
386 2909 505 2953 „quo
537 2898 773 2955 comperto
806 2894 1018 2940 Gnostici
1062 2893 1207 2939 diffisi
1238 2895 1378 2940 rebus
1410 2896 1518 2953 suis,
1566 2911 1662 2941 non
1693 2898 1795 2941 ausi
