1961 3279
824 87 1121 153 ..929ss

178 235 270 296 63).
330 234 570 285 Permulta
600 238 909 285 inveniuntur
940 237 1151 298 exempla
1181 236 1308 298 apud
1339 236 1600 298 Sulpicium
1620 236 1761 283 Seve-

176 331 293 360 rum.
324 315 431 360 Chr.
461 317 518 360 H.
549 317 620 373 36,
652 318 681 360 5
715 316 871 375 „iubet
902 331 959 359 ex
988 320 1091 359 toto
1108 315 1234 359 orbe
1265 347 1487 358 ......
1520 315 1761 374 episcopos

174 393 451 451 ,congregari
480 398 622 451 atque
653 408 789 437 omne
820 393 1056 450 iudicium,
1068 407 1161 450 quo
1191 391 1477 436 Athanasius
1508 392 1759 437 damnatus

177 469 343 527 fuerat,
390 468 675 515 retractari“.
735 469 797 514 Μ.
845 470 887 526 4,
933 470 963 514 4
1017 473 1146 525 „tum
1199 482 1312 514 vero
1363 472 1594 528 tyrannus
1625 502 1636 513 .
1667 501 1678 514 .
1709 501 1719 514 .
1750 501 1763 515 .

176 546 420 591 infremuit
451 546 619 602 dicenS,
654 561 761 590 eum
792 551 923 590 metu
952 561 1149 605 pugnae,
1182 560 1302 604 quae
1332 550 1520 604 postero
1553 546 1629 590 die
1660 551 1762 590 erat

177 622 349 681 futura,
396 622 657 669 detractare
703 622 963 668 militiam“.
1011 622 1118 668 Chr.
1149 623 1183 667 Ι.
1218 625 1255 679 1,
1301 623 1331 679 4
1381 627 1614 679 „ceterum
1645 622 1764 669 illud

177 715 272 745 non
302 700 484 760 pigebit
516 700 666 756 fateri,
698 700 784 756 me,
817 700 965 744 sicubi
996 700 1119 743 ratio
1151 699 1318 757 exegit,
1351 699 1410 743 ad
1431 699 1764 757 distinguenda

178 783 390 837 tempora
420 812 429 822 .
462 812 471 822 .
503 812 513 822 .
545 812 555 822 .
586 792 724 822 usum
765 793 863 822 esse
909 777 1142 822 historicis
1188 776 1487 822 mundalibus
1533 781 1676 835 atque
1707 792 1763 821 ex

178 854 264 911 his,
296 870 414 912 quae
436 854 496 899 ad
516 855 893 913 supplementum
916 854 1199 912 cognitionis
1221 854 1425 908 deerant,
1470 856 1760 913 usurpasse“.

178 932 235 976 D.
265 932 343 977 III.
380 934 446 989 10,
479 933 507 976 2
537 930 725 990 f„negat
757 947 840 991 per
880 936 1035 977 totum
1082 930 1207 976 diem
1253 931 1343 976 sibi
1388 931 1531 976 ullam
1575 931 1765 976 cessisse

180 1012 433 1067 capturam,
481 1008 563 1052 sed
607 1023 759 1066 neque
806 1008 920 1052 alios
967 1008 1232 1067 piscatores,
1280 1008 1363 1065 qui
1394 1008 1600 1053 vendere
1645 1009 1763 1052 sole-

177 1085 305 1144 bant,
363 1085 611 1143 quicquam
675 1101 813 1143 agere
875 1084 1122 1142 quivisse“.
1196 1085 1258 1129 M.
1325 1086 1395 1141 21,
1427 1087 1457 1129 4
1507 1120 1528 1141 ,,

178 1161 354 1209 indicat
414 1162 639 1209 fratribus
693 1178 883 1209 causam
959 1162 1122 1208 mortis
1195 1166 1243 1208 et
1303 1162 1529 1209 vulneris:
1590 1162 1763 1209 iunctis

179 1241 355 1284 scilicet
401 1240 553 1284 bubus
601 1240 712 1284 dum
760 1240 996 1284 dissolutis
1043 1241 1194 1296 artius
1223 1241 1323 1284 lora
1355 1241 1637 1298 constringit
1669 1273 1679 1284 .
1710 1273 1721 1284 .
1753 1274 1762 1284 .

179 1318 349 1363 bovem
401 1318 491 1362 sibi
538 1317 774 1375 adegisse“
823 1322 872 1362 et
912 1318 1004 1362 alia
1034 1318 1256 1377 exempla,
1309 1333 1428 1375 quae
1458 1319 1764 1376 Lonnergren

179 1409 284 1454 pag.
317 1395 386 1439 69.
419 1399 674 1439 enumerat.
706 1393 787 1438 cfr.
839 1394 945 1439 Sall.
993 1394 1094 1441 Cat.
1145 1395 1211 1451 14,
1262 1395 1286 1438 7
1324 1394 1441 1450 „scio
1474 1394 1617 1439 fuisse
1647 1409 1762 1439 non-

179 1473 343 1528 nuHOS,
376 1472 457 1530 qui
488 1473 555 1517 ita
586 1470 932 1529 existumarent,
963 1472 1272 1528 iuventutem,
1304 1487 1423 1530 quae
1454 1472 1645 1516 domum
1676 1473 1762 1516 Ca-

180 1550 342 1594 tilinae
374 1549 723 1609 frequentabat,
755 1545 922 1609 parum
967 1550 1163 1594 honeste
1199 1549 1473 1609 pudicitiam
1505 1550 1763 1594 habuisse“.

180 1628 287 1671 Tac.
321 1642 424 1671 ann.
461 1630 497 1684 1,
530 1628 588 1671 39
624 1628 834 1684 „venisse
863 1632 1052 1687 patrum
1083 1627 1222 1684 iussu,
1256 1628 1335 1685 qui
1369 1627 1513 1672 inrita
1542 1627 1762 1684 facerent,

179 1720 298 1762 quae
327 1721 412 1764 per
443 1705 721 1750 seditionem
753 1708 1115 1764 expresserant“.
1176 1706 1280 1750 Liv.
1313 1707 1353 1761 3,
1402 1707 1440 1761 2,
1489 1707 1516 1750 3
1558 1706 1763 1764 „legatos

178 1783 395 1828 nuntiare
441 1782 596 1840 iussit,
650 1784 703 1837 Q.
734 1783 932 1828 Fabium
964 1783 1200 1828 consulem
1246 1782 1411 1840 dicere,
1457 1798 1505 1827 se
1537 1818 1547 1827 .
1581 1817 1591 1827 .
1620 1816 1630 1827 .
1662 1816 1672 1827 .
1704 1783 1762 1828 ab
1822 1814 1828 1818 -

178 1861 331 1904 Roma
361 1860 540 1918 Aequis
572 1861 746 1904 bellum
768 1860 953 1904 adferre
971 1860 1131 1905 eadem
1155 1859 1357 1916 dextera,
1390 1875 1530 1918 quam
1551 1865 1765 1919 pacatam

180 1937 273 1982 illis
304 1943 441 1983 antea
471 1937 705 1983 dederat“.
1711 1946 1714 1950 ⁴

323 2016 557 2074 Sulpicius
606 2016 826 2067 Severus<
854 2016 1140 2072 Sallustium,
1188 2015 1392 2072 Livium,
1440 2016 1657 2060 Tacitum
1693 2031 1763 2060 se-

179 2097 315 2138 cutus
345 2093 575 2153 particula
607 2093 775 2138 omissa
791 2108 895 2139 cum
916 2094 1014 2138 solo
1045 2094 1344 2139 coniunctivo
1377 2093 1622 2153 coniungit
1653 2093 1766 2138 haec

179 2172 340 2216 verba:
846 2221 849 2224 ‚

328 2250 627 2307 „obtestari“:
660 2249 765 2296 Chr.
798 2248 830 2295 Ι.
867 2252 933 2308 12,
980 2251 1007 2296 6
1042 2249 1218 2308 „filium
1266 2250 1549 2308 obtestatur,
1596 2263 1762 2309 corpus

180 2329 422 2387 sepulchro
453 2328 710 2371 redderet“.
759 2329 869 2372 Sall.
903 2330 1003 2372 Cat.
1050 2331 1120 2383 33,
1166 2331 1194 2372 5
1244 2334 1318 2383 „te
1366 2333 1507 2385 atque
1553 2332 1764 2371 senatum

180 2405 481 2463 obtestamur,
514 2404 765 2450 consulatis
795 2405 974 2450 miseris
1006 2405 1227 2451 civibus.“

328 2483 582 2538 „hortari“:
615 2483 721 2526 Chr.
755 2484 812 2526 II.
844 2485 886 2539 4,
919 2484 947 2527 5
998 2488 1074 2539 „at
1106 2484 1186 2527 ille
1218 2484 1373 2528 verbis
1403 2483 1493 2526 Dei
1523 2482 1764 2526 universos

179 2560 370 2617 hortari,
420 2561 470 2603 in
522 2560 618 2604 solo
670 2561 825 2618 patrio
875 2563 1160 2605 manerent“.
1222 2560 1327 2605 Chr.
1358 2561 1413 2604 H.
1455 2561 1524 2615 21,
1572 2561 1598 2604 6
1635 2563 1764 2614 „tum

179 2636 324 2683 Judas
355 2670 366 2681 .
397 2670 407 2680 .
441 2671 449 2680 .
485 2671 495 2681 .
529 2650 636 2680 suos
684 2636 921 2695 adhortus,
970 2636 1085 2682 forti
1133 2637 1287 2682 animo
1335 2634 1669 2681 descenderent
1713 2635 1764 2680 in

178 2715 448 2775 proelium“.
510 2714 618 2758 SalL
670 2715 779 2773 Jug.
831 2716 904 2769 56,
938 2719 966 2760 2
1008 2715 1290 2775 „oppidanos
1322 2715 1550 2771 hortatur,
1581 2713 1766 2758 moenia

105 2823 107 2825 -
179 2792 476 2839 defendant“.
526 2791 629 2837 Liv.
664 2793 709 2849 6,.
754 2793 821 2850 15,
857 2795 911 2837 10
966 2792 1073 2849 „sed
1110 2792 1224 2851 quid
1254 2806 1340 2851 ego
1381 2806 1479 2848 VOS,
1512 2790 1569 2836 de
1604 2795 1764 2837 vestro

180 2870 470 2931 impendatis,
495 2870 714 2914 hortor?“
751 2870 857 2915 Tac.
890 2885 994 2915 ann.
1030 2874 1067 2929 1,
1100 2870 1157 2915 35
1192 2869 1760 2927 „feriret-hortabantur.“
