1961 3279
975 177 979 180 .
1044 171 1100 182 ..ἡ

168 272 381 321 Sallustii
411 272 573 335 solum,
605 272 686 321 sed
717 278 859 323 etiam
892 278 1046 336 Taciti
1078 294 1272 342 operum
1309 282 1514 341 vestigia
1551 279 1757 343 complu-

165 355 297 400 ribus
327 355 442 400 loois
473 356 523 399 in
555 356 750 415 Sulpicii
782 357 946 402 Severi
977 358 1110 403 libris
1141 360 1503 418 inveniuntur.¹)
1550 360 1758 405 Dubium

166 570 249 618 Iug.
276 571 334 617 12,
360 571 383 606 3
411 582 539 616 „carus
566 571 832 618 acceptusque“

165 636 248 684 Iug.
275 637 333 683 13,
359 636 382 672 3
411 637 588 684 „parabat
624 636 735 673 armis
776 638 925 672 conten-

214 703 334 740 dere“.

164 770 247 817 Ing.
273 770 332 815 32,
358 770 381 806 3
416 771 544 815 „tanta
580 769 635 805 vis
673 769 850 805 avaritiae
886 769 925 804 in

212 836 353 873 animos
395 847 518 873 eorum
555 835 671 873 veluti
695 836 799 873 tabes
824 835 925 871 inva—

212 903 347 938 serat“.

165 966 247 1014 Iug.
276 967 333 1012 14,
367 966 402 1018 4Δ
435 969 496 1011 „et
529 978 572 1003 ea
597 968 818 1013 tempestate
843 976 925 1012 spes

211 1035 323 1078 atque
349 1044 435 1078 opes
461 1033 622 1068 civitatis
647 1032 686 1067 in
710 1031 776 1067 illo
795 1031 923 1067 sitae“.

163 1163 259 1200 Hist.
286 1163 310 1199 i.
337 1164 406 1200 101
449 1163 578 1207 „rebus
612 1149 722 1209 supra
746 1164 832 1198 vota
856 1162 923 1197 flu-

211 1228 391 1266 entibus“.

162 1360 243 1398 Cat.
272 1362 305 1407 1,
331 1361 354 1396 5
384 1361 502 1406 „inter
538 1360 712 1397 mortales
738 1362 922 1396 certamen

210 1426 319 1464 fuit‘&

160 1492 243 1539 Iug.
268 1492 328 1538 43,
367 1492 390 1527 5
432 1491 645 1537 „adversum
682 1491 831 1527 divitias
866 1492 920 1526 in-

208 1559 345 1595 victum
371 1558 534 1594 animum
559 1557 746 1605 gerebat“.

160 1689 242 1727 Cat.
268 1690 327 1736 36,
367 1689 392 1725 4
431 1700 547 1736 „quae
587 1689 706 1736 prima
746 1688 920 1725 mortales

206 1755 377 1803 putant“.

161 1822 243 1859 Cat.
260 1823 295 1867 2,
320 1822 344 1857 3
371 1822 529 1867 „mutari
561 1832 603 1857 ac
628 1820 772 1856 misceri
799 1820 921 1856 omnia

208 1888 412 1923 cerneres“.

999 570 1083 608 Chr.
1108 572 1128 607 I
1153 572 1188 618 2,
1214 572 1237 608 6
1266 584 1392 617 „carus
1417 575 1695 622 acceptusque“.

999 636 1083 675 Chr.
1109 637 1129 673 Ι
1155 639 1212 684 21,
1238 639 1262 674 4
1306 642 1477 686 „paratus
1520 641 1629 676 armis
1671 651 1738 675 con

1046 703 1230 741 tendere“.

999 768 1083 806 Chr.
1109 770 1129 805 I
1154 770 1221 817 23,
1264 770 1287 807 5
1315 773 1443 817 „tanta
1482 772 1552 808 hoc
1593 774 1755 819 tempore

1047 836 1187 873 animos
1237 848 1361 874 eorum
1414 837 1574 874 habendi
1623 838 1755 885 cupido

1046 902 1161 938 veluti
1186 904 1290 940 tabes
1314 903 1497 940 incessit.“

999 966 1082 1003 Chr.
1108 966 1129 1002 Ι
1155 968 1212 1013 11,
1247 968 1271 1004 8
1311 979 1376 1012 „ea
1412 970 1632 1015 tempestate
1670 980 1753 1016 spes

1046 1035 1157 1078 atque
1195 1032 1294 1069 salus
1336 1033 1497 1080 Aegypti
1521 1034 1560 1069 in
1591 1034 1656 1070 illo
1682 1035 1756 1070 sita

1045 1098 1161 1134 erat“.

998 1162 1082 1199 Chr.
1107 1162 1148 1199 II
1173 1163 1233 1208 45,
1261 1165 1280 1199 1
1310 1164 1438 1208 „rebus
1476 1165 1648 1201 nimirum
1672 1177 1753 1211 pro-

1045 1239 1149 1275 spere
1187 1230 1225 1265 et
1266 1229 1465 1266 secundum
1497 1232 1584 1267 vota
1608 1230 1754 1267 fluenti·

1043 1294 1147 1331 bus“.

996 1358 1080 1396 Chr.
1106 1359 1127 1395 I
1151 1359 1186 1405 5,
1211 1359 1236 1395 4
1275 1371 1378 1405 „cum
1404 1387 1414 1397 .
1440 1388 1450 1398 .
1476 1388 1486 1398 .
1523 1362 1620 1398 inter
1659 1373 1754 1399 mor-

1043 1424 1137 1463 tales
1163 1427 1348 1463 certamen
1375 1426 1543 1464 fuisset“.

994 1490 1039 1526 D.
1073 1490 1093 1525 I
1135 1490 1192 1536 25,
1230 1491 1255 1527 4
1299 1492 1512 1536 „adversum
1552 1493 1753 1530 vanitatem

1043 1558 1155 1603 atque
1205 1556 1421 1594 iactantiam
1470 1558 1525 1595 ita
1573 1558 1749 1596 invictum

1043 1622 1214 1669 spiritum
1239 1623 1376 1669 gessit“

994 1688 1039 1725 D.
1065 1688 1085 1724 Ι
1118 1688 1153 1734 5,
1196 1688 1219 1724 5
1262 1700 1378 1736 „quae
1418 1690 1536 1737 prima
1575 1690 1750 1728 mortales

1042 1755 1177 1801 putant
1202 1755 1315 1791 esse“.

994 1819 1079 1856 Chr.
1105 1819 1146 1855 Π
1173 1819 1231 1865 51,
1258 1821 1280 1856 9
1309 1831 1414 1865 „cum
1455 1821 1578 1858 omnia
1611 1821 1751 1859 turbari

1042 1896 1084 1921 ac
1109 1885 1255 1921 misceri
1281 1887 1549 1923 cernerentur“.

306 2002 343 2047 1)
368 2002 533 2048 Bernays
562 2001 673 2046 „iiber
698 2000 757 2037 die
783 1999 935 2037 chronik
960 1999 1025 2037 des
1051 1999 1235 2048 Sulpicius
1261 1999 1434 2038 Severus“
1461 1999 1606 2038 laudat:

488 2065 584 2103 Tae.

157 2134 251 2171 Ann.
280 2133 336 2179 15,
363 2132 412 2169 44
456 2143 713 2179 „repressaque
751 2132 790 2168 in
814 2143 918 2179 prae—

205 2210 288 2236 sens
314 2197 512 2235 exitiabilis
538 2197 751 2245 superstitio
776 2207 919 2232 rursum

203 2266 428 2312 erumpebat,
445 2276 519 2301 non
531 2264 638 2300 modo
651 2275 716 2310 per
731 2263 919 2308 Iudaeam,

204 2323 387 2379 orig-inem
402 2331 480 2367 eius
504 2329 604 2376 mali,
631 2329 695 2365 sed
712 2340 777 2376 per
793 2329 920 2365 urbem

205 2398 355 2434 etiam“.

153 2464 247 2500 Ann.
292 2463 349 2509 14,
384 2463 430 2499 62
475 2462 675 2507 „malorum
716 2462 919 2497 facinorum

202 2530 361 2566 ministri
388 2530 493 2576 quasi
529 2529 789 2576 exprobrantes
823 2527 918 2574 aspi-

200 2595 382 2632 ciuntur“.

151 2858 245 2897 Ann.
274 2859 331 2907 15,
356 2857 402 2895 37
433 2857 518 2904 „uni
545 2868 587 2894 ex
605 2856 670 2895 illo
689 2857 914 2894 contamina·

198 2929 319 2964 torum
354 2937 465 2972 grege
498 2925 644 2970 (nomen
681 2924 914 2972 Pythagorae

1261 2062 1378 2111 Sulp.
1394 2064 1487 2102 Sev-

993 2129 1077 2168 Chr.
1103 2130 1217 2177 1146,
1247 2131 1267 2168 1
1297 2132 1398 2176 „tum
1421 2131 1579 2179 primum
1602 2132 1750 2170 infamis

1041 2196 1108 2231 illa
1135 2196 1390 2232 Gnosticorum
1426 2196 1587 2233 haeresis
1624 2198 1749 2245 depre-

1040 2262 1165 2308 hensa,
1190 2264 1402 2310 superstitio
1427 2264 1624 2301 exitiabilis
1648 2258 1750 2302 arca-

1042 2328 1099 2364 nis
1160 2329 1345 2365 occultata
1402 2330 1561 2366 secretis.
1636 2330 1748 2377 Origo

1041 2394 1142 2432 illius
1155 2395 1243 2432 mali
1257 2394 1386 2432 Oriens
1402 2398 1513 2443 atque
1520 2395 1747 2444 Aegyptus“.

993 2460 1077 2497 Chr.
1102 2460 1144 2496 II
1169 2462 1227 2506 28,
1253 2462 1276 2497 3
1312 2461 1392 2506 „hic
1429 2462 1567 2508 primus
1593 2461 1746 2499 Christi-

1041 2539 1150 2563 anum
1174 2538 1306 2563 nomen
1330 2526 1460 2564 tollere
1485 2539 1653 2575 agressus
1679 2531 1744 2566 est:

1040 2593 1175 2639 quippe
1201 2604 1343 2639 semper
1375 2593 1524 2629 inimica
1547 2595 1746 2630 virtutibus

1038 2659 1130 2695 vitia
1164 2660 1250 2695 sunt
1276 2661 1314 2694 et
1355 2659 1485 2706 optimi
1522 2660 1658 2707 quique
1699 2660 1745 2696 ab

1037 2724 1212 2772 improbis
1235 2724 1340 2772 quasi
1366 2724 1623 2771 exprobrantes
1648 2725 1744 2772 aspi·

1036 2793 1217 2829 ciuntur&
1453 2829 1456 2832 .

988 2856 1072 2894 Chr.
1098 2857 1139 2893 II
1164 2857 1222 2905 28,
1256 2858 1279 2894 2
1319 2859 1424 2905 „post
1456 2857 1568 2894 etiam
1605 2857 1743 2905 Pytha—

1036 2937 1145 2971 gorae
1179 2923 1324 2960 cuidam
1349 2924 1387 2960 in
1413 2925 1559 2961 modum
1598 2924 1742 2961 sollem-
