1961 3279
829 132 886 141 ..
948 105 1006 152 25
1069 99 1126 143 ....'

189 235 375 285 dicendi
405 234 529 298 apud
542 242 544 244 ’
559 235 750 283 Livium
781 240 829 283 et
860 236 1090 296 Tacitum,
1137 251 1253 296 quos
1297 235 1532 299 Sulpicius
1569 237 1770 285 Severus

190 320 377 361 secutus
407 319 491 359 est.
526 315 635 359 Chr.
650 312 727 359 ΙΙ.
761 315 832 370 51,
862 316 893 358 4
927 315 1204 371 „Tertullus,
1235 315 1475 359 Potamius
1513 320 1561 359 et
1597 316 1770 361 Johan-

189 396 314 438 nes.“
348 393 410 437 ΙΙ.
442 393 513 448 48,
551 394 570 436 1
608 392 908 448 „Instantius,
921 452 925 456 ἡ
938 392 1187 436 Salvianus
1218 400 1266 437 et
1295 393 1653 438 Priscillianus.“
1707 393 1769 437 Π.

195 471 231 526 1,
264 470 293 513 2
327 468 607 525 „Annaniaa
649 467 815 513 Miisael
844 472 893 513 et
923 467 1157 514 Azarias.“
1207 468 1314 514 Chr.
1367 469 1429 514 H.
1467 471 1534 528 17,
1575 470 1603 514 5
1640 470 1771 526 „libi-

192 545 314 603 dine,
346 546 546 591 avaritia
591 550 638 589 et
684 545 957 589 dominandi
987 545 1286 604 cupiditate.“
1352 547 1461 591 Sall.
1493 547 1528 591 J
1529 562 1605 604 ug.
1640 548 1711 602 95,
1744 548 1772 590 3

197 622 464 681 „facundua
496 621 692 669 callidus
723 625 771 667 et
802 621 1010 667 amicitia
1041 620 1232 668 facilis.“
1287 622 1392 668 Liv.
1428 624 1497 681 29,
1529 624 1570 681 4,
1604 624 1631 669 6
1666 638 1773 680 „sex

192 701 322 745 milia
364 700 590 760 peditum,
639 700 901 758 octingenti
946 700 1127 757 equites
1173 705 1221 744 et
1267 705 1447 760 septem
1489 701 1769 760 elephanti.“

192 778 294 837 (cfr.
327 778 676 824 Weissenborn.
693 777 754 824 ad
783 777 828 822 h.
861 777 912 832 1.)
947 777 1054 823 Tac.
1088 770 1193 824 ann.
1229 780 1268 835 2,
1308 780 1362 823 81
1400 779 1595 835 „hest-as,
1644 793 1775 824 sacra

192 860 240 901 et
271 855 438 902 faces“.

337 934 522 978 Aureae
553 933 721 978 aetatis
751 933 1002 992 scriptores
1034 934 1273 993 complura
1302 935 1520 991 membra,
1554 934 1595 978 si
1624 934 1772 993 parti-

194 1013 321 1057 culas
352 1027 449 1056 non
482 1011 721 1066 omittunt,
752 1011 820 1055 ita
851 1012 1084 1070 copulant,
1116 1016 1170 1055 ut
1202 1012 1363 1056 eadem
1383 1013 1615 1072 particula
1630 1017 1771 1056 utan-

193 1095 284 1147 tur,
316 1105 468 1148 neque
496 1089 774 1149 particulam
805 1089 1003 1145 variant,
1035 1089 1127 1133 nisi
1157 1089 1342 1148 singula
1362 1090 1570 1134 membra
1599 1090 1650 1134 vi
1681 1089 1773 1133 dis-

196 1168 328 1227 paria
358 1143 480 1212 sunt]
502 1167 603 1222 (cfr.
639 1167 859 1225 exempla,
908 1181 1027 1224 quae
1071 1167 1282 1224 Draeger
1325 1182 1357 1211 s.
1406 1167 1451 1210 h.
1483 1167 1545 1211 II.
1578 1182 1682 1225 pag.
1716 1168 1770 1210 61

194 1262 260 1304 sq.
293 1261 321 1290 a
371 1245 594 1291 Cicerone
645 1245 796 1304 petita
847 1243 1067 1303 exhibet).
1131 1243 1206 1288 Ab
1244 1242 1332 1288 hoc
1362 1258 1450 1287 usu
1481 1243 1775 1288 classicorum

194 1324 490 1383 scriptorum,
521 1323 603 1381 q'ui
633 1327 875 1378 vocantur,
906 1322 1074 1367 Livius
1105 1326 1152 1366 et
1203 1322 1431 1381 imprimis
1478 1322 1670 1366 Tacitus
1708 1322 1776 1365 ita

194 1400 430 1458 recedunt,
463 1405 518 1445 ut
549 1415 687 1460 saepe
702 1400 888 1445 varient
918 1400 1184 1460 particulaS,
1217 1414 1500 1458 quamquam
1523 1414 1661 1444 causa
1681 1413 1776 1443 non

194 1480 415 1523 cernitur.
479 1479 633 1522 Huius
680 1479 1015 1537 particularum
1067 1478 1439 1536 copulativarum
1490 1477 1775 1532 variationis,

196 1571 316 1615 quae
361 1554 485 1616 apud
533 1559 712 1600 ceteros
759 1554 1007 1615 scriptores
1039 1554 1332 1615 posterioreS,
1365 1558 1594 1613 quantum
1625 1553 1775 1611 video,

196 1634 430 1678 rarissime
459 1638 648 1678 tantum
678 1633 919 1677 invenitur
951 1632 1055 1691 (cfr.
1103 1634 1311 1690 Draeger
1356 1633 1385 1676 1.
1433 1632 1496 1690 1.),
1543 1632 1777 1690 Sulpicius

198 1709 399 1756 Severus
432 1724 618 1769 quoque
649 1714 720 1755 est
752 1710 1110 1755 amantissimus.

339 1790 696 1834 Permutantur:
732 1791 1010 1847 „que—et“:
1043 1789 1150 1853 Chr.
1183 1790 1220 1833 I.
1256 1791 1324 1846 17,
1356 1791 1384 1833 4
1409 1788 1649 1844 „tribunos
1670 1804 1775 1832 cen-

196 1866 500 1925 turionesque
532 1870 579 1911 et
611 1866 879 1912 decuriones
910 1866 1222 1927 praeficiens“.
1270 1866 1364 1912 Cfr.
1398 1866 1434 1912 Ι.
1468 1867 1538 1924 21,
1585 1867 1613 1911 5
1648 1870 1777 1922 „tum

197 1944 420 1990 adversus
465 1943 747 1989 Madianitas
780 1949 1014 1990 certatum
1049 1946 1258 2005 victique
1304 1950 1352 1990 et
1399 1944 1582 1990 subacti
1623 1947 1774 1989 sunt.“

196 2023 299 2067 Chr.
331 2023 368 2066 Ι.
415 2023 486 2079 53,
533 2024 560 2067 6
611 2038 664 2078 „a
694 2038 804 2081 rege
834 2023 884 2066 in
915 2024 1169 2068 amicitiam
1200 2028 1416 2083 receptus
1455 2038 1707 2081 mensaque
1731 2028 1778 2067 et

197 2100 401 2145 consiliis
431 2100 781 2160 participatus.“
847 2101 956 2146 Sall.
991 2102 1101 2159 Jug.
1136 2103 1205 2158 94,
1238 2103 1266 2146 3
1301 2100 1511 2156 „hostem
1531 2101 1778 2145 tormentis

199 2177 553 2236 sagittariisque
583 2182 631 2222 et
663 2177 981 2223 funditoribus
1028 2179 1210 2224 eminus
1245 2164 1463 2223 terrere“.
1529 2178 1635 2222 Tac.
1669 2178 1777 2221 hist.

198 2258 238 2313 2,
273 2257 341 2300 79.
378 2272 430 2312 „e
462 2255 714 2300 Germania
744 2256 1084 2316 Britanniaque
1114 2261 1162 2302 et
1192 2256 1474 2317 Hispaniis.“
1524 2256 1627 2300 Liv.
1664 2257 1706 2312 4,
1739 2257 1778 2312 6,

201 2335 256 2378 12
288 2333 437 2389 „hanc
466 2333 741 2378 modestiam
774 2335 1152 2393 aequitatemque
1184 2339 1232 2379 et
1260 2334 1557 2379 altitudinem
1590 2333 1775 2377 animi“.

344 2414 712 2470 „que—atque“:
776 2412 878 2456 Chr.
942 2413 978 2457 I.
1014 2414 1084 2469 24,
1117 2415 1150 2456 2.
1179 2426 1386 2468 „morum
1417 2410 1779 2469 disciplinaeque

197 2491 440 2535 immemor
486 2490 782 2535 matrimonia
812 2505 869 2535 ex
914 2490 1055 2536 victis
1086 2505 1320 2535 assumere
1349 2488 1669 2549 paulatimque
1700 2503 1777 2531 ex-

197 2573 355 2614 ternos
385 2582 537 2612 mores
568 2568 756 2613 trahere
772 2582 823 2612 ac
838 2583 947 2612 mox
975 2568 1172 2628 profano
1204 2569 1302 2612 ritu
1339 2567 1475 2610 idolis
1522 2566 1780 2611 sacrificare

198 2645 419 2705 occepit“.
482 2645 585 2690 Chr.
617 2645 654 2689 Ι.
688 2646 759 2703 53,
791 2647 821 2693 4
855 2646 1043 2701 „urbem
1063 2660 1314 2703 murosque
1340 2636 1397 2689 ac
1422 2644 1652 2704 templum
1681 2644 1779 2687 solo

198 2723 413 2768 stravit“.
448 2722 551 2767 Chr.
583 2723 644 2767 H.
680 2724 750 2779 38,
783 2724 811 2766 2
846 2737 1031 2778 „omnes
1078 2722 1177 2767 fere
1223 2707 1419 2766 duarum
1465 2721 1781 2765 Panoniarum

198 2800 402 2859 episcopi
432 2800 663 2858 multique
693 2800 1002 2844 Orientalium
1034 2805 1175 2858 atque
1205 2803 1307 2843 tota
1336 2798 1491 2842 Asia.“
1532 2798 1590 2842 D.
1629 2799 1670 2851 Ι.
1711 2799 1780 2848 20,

200 2879 228 2922 3
259 2877 506 2939 „praefecti
532 2877 818 2937 comitesque
850 2892 902 2922 ac
919 2876 1209 2922 diversarum
1239 2876 1415 2921 iudices
1446 2879 1780 2937 potestatum“.
