1961 3279
802 103 979 173 ..ffg
1040 149 1097 160 -.

156 258 513 319 compleverat“.
574 259 631 304 D.
661 260 697 304 Ι.
734 261 801 315 17,
834 261 861 304 6
897 259 1198 319 „plerumque
1219 258 1341 315 vidi,
1372 263 1428 303 ut
1459 256 1635 303 dudum
1667 254 1736 302 di-

156 350 326 393 xeram,
358 351 454 381 uno
474 337 524 380 in
554 337 655 381 loco
677 336 892 381 habitare
923 336 1186 381 centenos“.
1223 336 1553 395 Compluribus
1584 349 1737 380 exem·

156 413 247 474 plis
269 427 368 457 rem
388 413 625 458 illustrare
655 428 1052 473 supervacaneum
1073 418 1156 470 est,
1176 427 1294 458 cum
1314 413 1622 472 Lonnergren
1645 413 1692 468 (l.
1708 413 1736 456 l.

157 506 263 551 pag.
297 491 376 550 56)
422 505 640 548 magnam
687 486 865 550 copiam
912 490 1137 535 attulerit.
1198 491 1301 536 Hoc
1337 490 1558 548 loquendi
1589 505 1737 549 genus

157 567 398 612 rarissime
421 573 697 627 usurpatum
719 572 791 612 est
807 582 835 611 a
856 567 1091 624 Cicerone,
1123 567 1308 627 saepius
1340 567 1583 613 invenitur
1614 566 1738 627 apud

158 645 445 710 Sallustium.
507 645 588 688 cfr.
622 645 722 693 Cat.
758 646 824 700 18,
848 647 875 689 6
911 660 993 703 „ea
1021 660 1073 689 re
1103 645 1294 703 cognita
1324 660 1484 689 rursus
1513 646 1565 690 in
1590 660 1737 689 nonas
1805 651 1815 658 “

156 707 436 767 Februarias
466 721 711 766 consilium
742 721 896 766 caedis
927 721 1309 766 transtulerant“.
1351 722 1626 767 Sallustium
1656 722 1735 767 Li-

157 802 264 845 vius
295 807 483 844 secutus
514 806 597 854 est,
629 800 711 843 cfr.
743 803 783 855 2,
819 802 887 855 18,
924 803 977 843 19
1013 801 1225 857 „Sabinis
1256 801 1398 844 etiam
1430 807 1611 844 creatus
1641 803 1736 844 Ro-

158 890 261 922 mae
292 875 496 921 dictator
526 889 580 920 eo
612 875 773 937 magiS,
821 875 947 937 quod
976 879 1169 939 propter
1199 890 1248 921 se
1279 882 1487 923 creatum
1530 875 1736 922 credide-

158 964 277 1010 rant,
309 963 486 998 metum
517 958 755 997 incussit‘fl
787 959 1038 1012 Complura
1068 959 1279 1011 exempla
1308 960 1499 999 exhibet
1531 959 1736 1010 Tacitus,

158 1031 240 1081 cfr.
273 1048 378 1079 ann.
414 1033 450 1090 1,
483 1032 541 1079 63
582 1035 722 1092 „tunc
752 1047 878 1079 nova
907 1031 1004 1079 acie
1034 1031 1254 1079 turbatus
1285 1049 1446 1093 eques3
1479 1032 1737 1093 missaeque

158 1111 461 1154 subsidiariae
493 1110 705 1152 cohortes
737 1114 785 1152 et·
815 1097 1101 1167 fugientium
1133 1111 1318 1166 agmine
1348 1112 1576 1169 impulsae
1597 1126 1736 1154 auxe-

158 1194 267 1235 rant
297 1188 720 1234 consternationem
752 1223 762 1232 .
783 1224 792 1232 .
812 1224 821 1232 .
842 1187 880 1232 .“
916 1188 1009 1233 Sed
1039 1180 1283 1233 invenitur
1313 1189 1389 1233 hic
1419 1205 1542 1246 usus,
1575 1205 1736 1247 quam-

91 1308 93 1310 .
159 1281 297 1326 quam
328 1280 446 1324 raro,
480 1264 604 1325 apud
634 1265 872 1324 Senecam,
902 1265 1167 1326 Apuleium,
1200 1265 1328 1310 alios.
1363 1278 1366 1281 ·

890 1722 998 1797 Π.

513 1867 617 1934 De
669 1867 1019 1935 enuntiato
1071 1867 1381 1957 simplici.

698 2076 786 2120 De
831 2076 1196 2133 praedicato,

305 2211 538 2268 Sulpicius
585 2212 786 2255 Severus
833 2227 937 2254 cum
984 2212 1225 2266 Sallustio,
1272 2212 1428 2265 Livio,
1475 2213 1637 2255 Tacito
1682 2228 1735 2255 eo

158 2287 358 2336 maxime
389 2287 641 2347 consentit,
690 2287 815 2349 quod
846 2288 1114 2351 saepissime
1145 2288 1325 2336 omittit
1355 2289 1489 2337 verbi
1520 2289 1734 2338 substan-

158 2365 250 2411 tivi
280 2365 463 2410 formaS.
510 2365 758 2410 Indicativi
794 2365 992 2423 omissio,
1024 2365 1252 2425 imprimis
1282 2366 1333 2410 in
1354 2366 1609 2411 enuntiatis
1639 2368 1734 2426 pri·

158 2443 328 2501 mariis,
374 2443 500 2490 haud
530 2460 635 2489 raro
666 2444 760 2489 iam
791 2443 917 2504 apud
958 2444 1159 2504 optimos
1189 2444 1438 2505 scriptores
1478 2445 1731 2490 invenitur.

158 2521 252 2566 Sed
282 2522 518 2581 Sulpicius
539 2522 740 2567 Severus
761 2535 857 2566 non
878 2522 1029 2567 solum
1049 2510 1294 2567 indicativi
1325 2522 1496 2567 formas
1517 2522 1567 2566 in
1588 2536 1733 2567 enun-
1759 2577 1761 2579 Ι

156 2599 288 2642 tiatis
321 2599 553 2659 primariis
584 2604 633 2643 et
664 2588 960 2656 secundariis,
993 2599 1075 2643 sed
1105 2600 1245 2644 etiam
1277 2598 1565 2644 coniunctivi
1596 2601 1732 2644 omit-

156 2676 218 2720 tit
249 2682 436 2721 secutus
468 2677 755 2734 Sallustium,
786 2678 988 2734 Livium,
1021 2678 1251 2722 Tacitum.

299 2752 550 2799 Indicativi
597 2753 647 2798 in
678 2753 938 2799 enuntiatis
967 2753 1200 2815 primariis
1231 2753 1388 2800 omissi
1424 2769 1573 2814 pauca
1602 2752 1732 2800 suffi-

157 2831 282 2875 ciant
313 2831 535 2891 exempla.
556 2831 979 2891 Omittitur‘„est“:
1011 2832 1118 2876 Chr.
1140 2833 1176 2876 I.
1211 2834 1251 2888 3,
1274 2833 1302 2875 5
1336 2866 1372 2891 „.
1393 2866 1402 2875 .
1423 2867 1432 2875 .
1466 2832 1516 2875 id
1545 2837 1733 2891 gestum

156 2923 185 2954 a
210 2909 372 2955 mundi
402 2909 589 2956 exordio
616 2924 766 2963 ‚annos
800 2897 851 2958 I-I
873 2911 947 2957 CO
979 2910 1095 2955 duos
1126 2914 1174 2956 et
1204 2906 1556 2970 quadraginta“.
1623 2910 1729 2961 Chr.
