1961 3279
845 167 902 179 ...
966 145 1142 214 3⁷,···

348 278 395 334 4)
433 277 865 337 „praepositiones.“
929 278 1036 323 Chr.
1067 279 1129 323 H.
1169 279 1240 335 42,
1273 279 1301 323 5
1352 279 1505 337 „intra
1549 277 1784 324 conscien-

204 356 321 401 tiam
352 356 689 401 communionis
728 371 819 401 nec>
844 371 940 401 non
971 346 1113 402 etiam
1142 356 1194 401 in
1225 357 1492 402 societatem
1523 356 1784 417 receptus“.

205 433 312 478 Chr.
333 434 369 478 I.
390 435 462 490 41,
485 436 512 478 6
547 448 762 493 „vaccam
795 448 982 478 auream
1013 434 1064 478 in
1095 434 1277 491 Bethel,
1309 435 1504 478 alteram
1536 433 1660 494 apud
1673 433 1786 478 >Dan

205 510 492 556 constituit“.
553 512 614 555 M.
647 514 686 567 6,
718 514 748 555 4
783 526 915 570 „cum
945 512 1149 557 haeresis
1179 512 1384 556 Arriana
1414 527 1498 570 per
1528 516 1681 556 totum
1712 526 1786 555 or-

205 587 311 633 bem
342 594 391 634 et
429 589 626 634 maxime
673 590 800 635 intra
829 590 1073 650 Illyricum
1113 589 1438 650 pullulasset‘R
1500 590 1556 634 D.
1588 589 1624 634 Ι.
1657 590 1726 646 24,
1759 590 1787 633 3

208 667 324 722 „iste
354 667 405 710 in
436 667 588 711 medio
611 672 748 711 coetu
779 673 827 712 et
848 668 1200 712 conversatione
1231 668 1520 726 populorum,
1552 668 1677 710 inter
1697 667 1786 710 cle-

203 743 325 788 ricos
355 743 674 790 dissidentes“.
725 745 781 790 D.
812 746 849 790 1.
883 747 952 802 24,
975 747 1004 791 4
1038 779 1075 804 ,,.
1092 779 1102 790 .
1120 780 1129 790 .
1148 779 1158 790 .
1189 744 1272 790 sed
1303 744 1383 804 qui
1415 760 1472 790 ex
1503 759 1652 803 aequo
1685 744 1786 789 loco

205 825 287 864 aut
318 821 459 866 etiam
490 822 548 867 de
579 823 815 882 superiore
856 822 1184 872 certaverint“.
1235 822 1340 868 Liv.
1371 823 1412 879 4,
1445 823 1516 878 56,
1548 824 1577 866 4
1612 855 1649 880 „.
1668 855 1678 866 .
1696 855 1706 865 .
1738 821 1789 866 in

205 914 335 958 spem
382 915 464 944 seu
496 934 506 944 .
523 934 533 944 .
550 934 560 944 .
592 900 651 945 ad
695 901 813 945 iram
860 916 966 945 cum
1012 900 1317 960 impulisset“.
1380 901 1487 945 Tac.
1519 916 1624 945 ann.
1656 902 1697 957 4,
1729 901 1788 944 55

209 1010 272 1035 „..
290 1011 300 1021 .
331 978 423 1022 illis
454 993 537 1037 per
566 978 739 1035 Asiam,
771 979 845 1023 his
875 978 927 1023 in
958 977 1138 1023 Italia“.
1685 978 1689 983 ’

350 1057 398 1112 5)
452 1056 849 1116 „praepositiones
880 1060 929 1101 et
967 1056 1138 1101 casus.“
1203 1056 1309 1101 Chr.
1341 1057 1403 1100 II.
1433 1058 1505 1113 44,
1540 1058 1567 1100 2
1617 1056 1788 1115 „enim-

206 1149 318 1178 vero
350 1133 615 1192 Foegadius
657 1139 873 1193 paratum
903 1150 953 1179 se
984 1134 1145 1179 exsilio
1178 1139 1319 1192 atque
1351 1134 1410 1179 ad
1441 1150 1578 1179 omne
1609 1135 1788 1193 suppli-

205 1210 329 1254 cium
360 1243 370 1254 .
387 1243 397 1254 .
414 1244 424 1254 .
454 1210 707 1270 profiteri“.
759 1210 866 1256 Chr.
887 1211 949 1257 Π.
981 1212 1052 1268 46,
1078 1212 1102 1256 7
1138 1225 1260 1271 „non
1292 1210 1442 1255 solum
1474 1211 1789 1267 consensione,

206 1287 287 1330 sed
317 1288 404 1331 sub
436 1288 638 1344 quadam
671 1288 814 1331 etiam
845 1288 1169 1331 coniuratione
1200 1287 1544 1346 susceperant“.
1591 1288 1698 1331 Chr.
1729 1289 1790 1331 Π.

206 1365 278 1421 47,
311 1366 338 1410 6
388 1399 425 1424 „.
442 1399 452 1410 .
469 1400 479 1410 .
496 1400 506 1411 .
538 1381 630 1425 quo
662 1365 872 1412 universi
913 1366 1135 1412 haeretici
1182 1365 1401 1411 excedere
1447 1381 1542 1412 non
1586 1366 1791 1412 ecclesiis

207 1447 394 1487 tantum
425 1449 507 1488 aut
538 1444 745 1501 urbibus,
785 1445 865 1489 sed
895 1450 1028 1490 extra
1058 1459 1218 1489 omnes
1249 1449 1399 1489 terras
1431 1444 1630 1504 propelli
1661 1444 1790 1489 iube-

206 1520 422 1564 bantur“.
466 1522 528 1567 M.
551 1523 592 1577 4,
614 1524 643 1566 4
677 1538 810 1581 „eum
835 1528 965 1567 metu
994 1538 1193 1582 pugnae,
1226 1538 1345 1580 quae
1375 1527 1562 1581 postero
1584 1522 1660 1566 die
1691 1530 1791 1566 erat

208 1599 381 1655 futura,
423 1615 518 1645 non
548 1601 787 1659 religionis
818 1602 973 1660 gratia
1003 1601 1265 1646 detractare
1297 1599 1555 1645 mffitiam“.
1618 1600 1724 1645 Chr.
1755 1600 1791 1643 Ι.

208 1681 249 1733 4,
285 1679 309 1721 7
360 1677 469 1736 „sed
499 1678 607 1722 filiis
637 1679 738 1723 Noe
783 1679 851 1723 ita
882 1678 1062 1723 divisus
1099 1678 1226 1722 orbis
1272 1678 1378 1733 fuit,
1425 1683 1481 1721 ut
1512 1677 1621 1721 Sem
1666 1677 1793 1720 intra

210 1755 461 1812 Orientem,
493 1755 526 1800 J
527 1755 669 1815 aphet
700 1755 1012 1813 Occidentem,
1044 1755 1191 1800 Cham
1233 1754 1399 1799 mediis
1430 1752 1791 1799 contineretur“.

210 1832 266 1875 D.
297 1833 358 1875 H.
397 1837 431 1888 l,
463 1834 492 1876 3
542 1833 760 1891 „sublimi
806 1833 921 1876 solio
1048 1833 1098 1876 in
1146 1831 1350 1876 sellula“.
1412 1832 1521 1875 Sall.
1552 1832 1658 1888 Jug.
1692 1833 1730 1886 7,
1769 1834 1788 1873 1

214 1924 391 1968 „neque
422 1925 506 1970 per
526 1910 635 1968 vim,
667 1926 820 1969 neque
849 1909 1074 1955 insidiis“.
1111 1910 1215 1955 Liv.
1239 1911 1278 1967 2,
1300 1911 1372 1966 42,
1401 1911 1454 1954 10
1488 1924 1639 1967 „nunc
1661 1908 1793 1964 extis,

210 2000 335 2031 nunc
365 2001 449 2046 per
479 2002 590 2032 aves
621 1987 863 2032 consulti“.
905 1988 1011 2032 Tac.
1034 2002 1139 2032 ann.
1170 1989 1211 2044 4,
1232 1988 1292 2031 46
1328 1990 1623 2046 „promptum
1653 1985 1793 2030 liber-

210 2064 303 2108 tati
334 2069 418 2109 aut
448 2065 507 2108 ad
538 2070 735 2109 mortem
767 2065 1017 2109 animum“.

356 2143 402 2197 6)
440 2141 674 2200 „activum
706 2146 754 2186 et
784 2140 1063 2201 passivum.“
1113 2141 1220 2186 Chr.
1251 2141 1289 2186 I.
1322 2141 1363 2197 5,
1397 2142 1424 2185 6
1461 2145 1590 2199 „tum
1621 2155 1649 2184 a
1678 2140 1793 2184 Mel-

212 2219 454 2263 chisedech
485 2219 723 2264 sacerdote
754 2219 1029 2264 benedictus
1061 2224 1132 2263 est
1164 2218 1407 2276 eidemque
1445 2217 1643 2277 praedae
1673 2216 1794 2261 deci-

212 2311 311 2340 mas
342 2296 515 2341 dedit“.
577 2296 683 2341 Chr.
715 2298 750 2341 I.
784 2298 853 2354 22,
887 2298 915 2341 3
965 2297 1139 2356 „igitur
1170 2310 1324 2341 arcam
1355 2295 1556 2355 proferri
1587 2310 1615 2339 a
1645 2309 1793 2338 sacer-

213 2374 401 2419 dotibus
432 2375 712 2433 eosdemque
743 2374 939 2420 adverso
969 2375 1162 2419 flumine
1193 2374 1447 2418 consistere
1476 2371 1650 2417 iubet“.
1688 2372 1794 2416 Chr.

212 2452 248 2495 Ι.
280 2454 350 2509 39,
382 2454 412 2497 4
461 2467 687 2511 „cumque
718 2486 728 2496 .
745 2486 755 2496 .
772 2486 782 2496 .
814 2453 905 2497 alia
935 2467 1047 2497 vero
1079 2451 1242 2496 cedere
1280 2451 1437 2510 potius
1479 2464 1622 2510 puero
1655 2463 1795 2507 quam

163 2590 165 2592 Ι
213 2529 411 2589 discerpi
443 2545 549 2574 eum
579 2530 783 2574 mallet“.
826 2529 931 2574 Chr.
962 2531 998 2573 I.
1031 2531 1099 2585 22,
1124 2530 1152 2573 5
1187 2529 1282 2586 „ita
1312 2528 1361 2571 hi
1393 2561 1403 2571 .
1421 2561 1458 2571 ..
1490 2542 1687 2571 vacuam
1718 2541 1795 2570 ur-

212 2607 319 2651 bem
351 2622 514 2667 cepere
544 2607 757 2666 caesique
788 2621 946 2652 omnes
977 2606 1152 2665 absque
1183 2605 1325 2657 ullius
1357 2604 1575 2663 effugio“.
1621 2603 1729 2649 Chr.
1761 2603 1796 2648 I.

219 2685 285 2739 17,
319 2686 347 2727 2
386 2684 494 2742 „sed
525 2685 606 2729 ubi
637 2684 880 2743 Raphidin
910 2688 1119 2739 ventum,
1151 2683 1439 2727 Amalecitae
1470 2683 1696 2741 populum
1728 2683 1796 2724 in-

214 2761 506 2807 cursionibus
538 2761 834 2807 vastabant“.
875 2762 936 2806 M.
963 2763 1029 2818 12,
1053 2762 1080 2806 3
1115 2760 1341 2820 „imperat
1371 2760 1553 2816 turbae,
1585 2774 1679 2803 non
1700 2773 1797 2803 mo-

213 2839 314 2882 veri
344 2839 445 2883 loco
477 2854 688 2897 onusque
719 2838 990 2899 deponere“.
1027 2839 1088 2882 M.
1115 2840 1181 2894 10,
1202 2839 1232 2882 4
1267 2853 1351 2896 „ex
1381 2852 1475 2882 uno
1498 2837 1621 2882 enim
1653 2837 1800 2881 latere

212 2917 420 2977 praecisa
448 2916 623 2963 montis
645 2916 811 2977 excelsi
833 2932 948 2980 rupe
969 2915 1276 2975 ambiebatur,
1308 2915 1534 2978 reliquam
1557 2914 1801 2978 planitiem
