1961 3279
753 141 832 153 ...-
894 110 1072 166 46*

123 248 182 294 D.
215 248 275 293 Π.
308 251 349 306 3,
382 250 422 294 5.
469 250 630 294 statim
661 251 768 295 Chr.
803 242 945 307 1.‘²·14‚
979 253 1019 295 2.
1050 252 1121 308 48,
1154 251 1195 295 5.
1238 250 1345 296 Chr.
1376 251 1439 296 11.-
1472 248 1612 308 1134.
1644 251 1715 308 39,
1747 255 1772 265 ”

126 329 165 371 6.
211 327 273 371 Μ.
308 328 349 384 3,
382 327 423 372 5.
471 329 511 385 6,
545 329 585 372 2.
620 329 657 385 7,
690 329 720 372 4
750 333 798 372 et
830 329 870 372 5.
923 329 989 373 13.
1022 329 1062 373 9.
1116 330 1181 386 16,
1217 330 1254 373 7.
1291 329 1357 385 17,
1389 330 1430 373 4.
1466 330 1533 387 18,
1565 330 1605 374 3.
1648 329 1715 386 19,

129 407 150 449 1
185 409 233 449 et
265 407 312 450 2.Δ
337 406 410 463 24,
441 406 482 451 8.
526 405 582 450 E.
603 406 664 450 II.
700 407 738 450 7.
784 406 840 450 D.
862 406 899 450 I.
929 408 971 463 4,
1004 407 1044 450 2.
1080 408 1153 464 15,-
1182 408 1325 464 6.-21,
1361 409 1396 451 1.
1444 407 1501 451 D.
1521 407 1716 464 11.-3,›5.

124 483 307 528 viritim
338 483 445 528 Chr.
476 484 512 528 Ι.
545 485 616 540 23,
646 485 687 528 4.
721 484 782 528 II.
819 486 885 541 11,
916 486 957 528 4.
1004 484 1210 530 vicissim
1241 485 1347 530 Chr.
1378 485 1414 529 I.
1446 486 1487 542 9,
1522 487 1560 530 7.
1581 509 1637 517 ——
1658 485 1716 530 In

124 560 391 620 appendicis
423 561 633 620 epistolis
681 561 771 605 tria
801 565 986 606 tantum
1019 561 1181 607 inveni
1213 575 1360 621 eaque
1389 561 1511 621 apud
1557 576 1716 608 omnes

125 638 373 697 scriptores
419 638 744 683 usitatissima:
791 636 951 683 statim
996 652 1098 698 pag.
1130 641 1232 696 241,
1264 641 1355 684 22.-
1395 640 1583 685 interim
1615 652 1715 699 pag.

126 717 227 773 255,
264 717 331 760 12.
393 716 563 774 passim
593 729 698 775 pag.
731 717 831 772 255,
866 718 936 761 24.

270 793 613 838 Terminatione
644 794 773 850 „ere“
804 807 888 852 pro
921 795 1112 850 „erunt“
1145 794 1195 838 in
1215 794 1356 838 tertia
1384 807 1582 852 persona
1610 794 1714 853 plu-

125 872 234 916 ralis
264 870 464 930 perfecti
495 871 635 916 activi
666 877 715 916 et
746 872 984 917 infinitivo
1005 872 1227 916 historico
1258 872 1523 931 appendicis
1543 873 1715 932 episto-

126 950 276 993 larum
308 949 508 1007 scriptor
553 949 742 993 omnino
775 964 869 993 non
901 963 1013 993 neus
1045 953 1116 994 est
1166 948 1264 1005 (cfr.
1294 962 1396 1009 pag.
1431 952 1482 995 11
1505 965 1572 1009 sq.
1615 962 1716 1010 pag¹

130 1029 187 1071 12
216 1030 350 1085 sqq.).

272 1104 503 1163 Sulpicius
545 1104 744 1150 Severus
791 1118 886 1148 non
933 1118 1038 1149 raro
1084 1118 1196 1147 usus
1242 1108 1314 1147 est
1360 1105 1716 1162 constructione,

128 1196 249 1240 quae
280 1181 557 1226 adsensum
578 1186 787 1237 vocatur,
820 1195 911 1239 qua
942 1181 1234 1226 substantiva
1254 1181 1496 1227 collectiva
1525 1182 1591 1226 ita
1606 1195 1717 1226 cum

127 1259 286 1304 verbis
318 1260 396 1304 vel
426 1259 668 1303 adjectivis
699 1259 777 1303 vel
807 1258 1059 1316 participiis
1090 1258 1453 1316 coniunguntur,
1508 1265 1565 1304 ut
1596 1260 1716 1317 haec,

128 1337 344 1395 neglecto
376 1337 674 1396 grammatico
721 1350 891 1394 genere
923 1341 971 1381 et
1002 1349 1193 1381 numero
1226 1341 1437 1395 spectent
1467 1336 1523 1381 ad
1554 1348 1717 1382 nume-

127 1430 232 1460 rum
264 1420 312 1460 et
342 1429 492 1474 genus
540 1428 696 1460 earum
729 1429 898 1471 rerum,
947 1428 1064 1473 quae
1109 1415 1420 1460 substantivis
1461 1415 1718 1461 collectivis

127 1495 440 1539 continentur.
514 1492 794 1539 Nominibus
842 1492 1099 1537 collectivis
1145 1492 1212 1537 ita
1255 1493 1446 1551 pluralis
1472 1505 1474 1507 ·
1498 1506 1717 1539 numerus

127 1573 273 1617 subici
305 1576 462 1630 potest
493 1576 542 1615 et
572 1572 622 1615 in
654 1571 816 1615 eodem
849 1570 1096 1614 enuntiato
1134 1575 1183 1614 et
1214 1575 1331 1628 tum,
1354 1585 1456 1614 cum
1489 1571 1717 1630 praedicar-

126 1656 230 1695 tum
260 1650 468 1709 pertinet
500 1649 556 1693 ad
581 1664 752 1694 nomen
783 1648 1078 1694 collectivum
1109 1648 1226 1693 alius
1258 1649 1502 1696 enuntiati.

271 1729 454 1773 Nomen
499 1727 798 1772 collectivum
846 1732 894 1770 et
941 1725 1135 1786 pluralis
1181 1726 1439 1786 praedicati
1476 1727 1526 1771 in
1542 1726 1719 1772 'eodem

128 1807 393 1851 enuntiato:
426 1805 534 1850 Chr.
557 1806 591 1850 I.
619 1807 659 1861 6,
681 1807 710 1849 4
744 1806 993 1860 „iuventus
1025 1805 1237 1863 improba
1259 1837 1389 1849 .....
1394 1805 1717 1863 flagitabant&

128 1883 235 1929 Chr.
267 1884 322 1928 H.
354 1884 425 1940 37,
460 1884 484 1927 7
537 1897 670 1942 „pars
703 1882 1036 1941 episcoporum,
1077 1896 1196 1939 quae
1226 1882 1390 1926 Arrios
1422 1882 1717 1940 sequebatur,

128 1962 477 2007 damnationem
509 1959 761 2006 Athanasii
792 1961 1000 2019 cupitam
1032 1957 1233 2019 accepit:
1264 1974 1372 2019 pars
1410 1960 1559 2005 coacti
1589 1964 1719 2005 metu

129 2046 177 2085 et
220 2040 424 2085 factione
472 2040 522 2083 in
553 2039 710 2085 studia
753 2040 960 2099 partium
1008 2040 1378 2096 concesserunt“.
1440 2039 1496 2083 D.
1528 2038 1585 2082 H.
1618 2040 1657 2096 6,
1690 2039 1719 2082 4

132 2124 396 2178 „postremo
446 2134 473 2162 a
520 2119 623 2162 viro
670 2133 754 2162 suo
800 2118 963 2176 poscit,
1011 2117 1170 2161 dicens
1216 2117 1472 2161 Martinum
1520 2122 1719 2174 uterque

129 2196 452 2257 compellant“.

273 2275 455 2318 Nomen
507 2274 805 2318 collectivum
858 2277 906 2316 et
955 2272 1149 2331 pluralis
1195 2286 1417 2316 numerus
1462 2272 1598 2316 verbi
1642 2272 1720 2317 vel

128 2352 352 2398 adiectivi
382 2352 460 2397 vel
490 2351 726 2411 participii
776 2351 826 2396 in
872 2350 1072 2396 diversis
1115 2349 1371 2395 enuntiatis
1402 2349 1474 2395 his
1505 2349 1619 2396 locis
1649 2350 1718 2395 in-

128 2429 405 2475 veniuntur:
436 2429 543 2473 Chr.
573 2429 607 2473 I.
641 2430 682 2486 4,
715 2428 744 2473 5
780 2462 801 2484 „
837 2461 846 2472 .
880 2462 889 2472 .
927 2462 936 2472 .
971 2460 980 2470 .
1012 2426 1161 2471 donec
1191 2441 1241 2470 se
1278 2426 1328 2470 in
1364 2441 1510 2471 unum
1542 2426 1718 2487 disper-

127 2508 283 2566 genda
312 2523 397 2567 per
427 2512 582 2552 totum
614 2508 774 2552 orbem
806 2505 1060 2550 multitudo
1092 2505 1336 2549 contraxit.
1372 2504 1448 2549 his
1476 2520 1604 2550 more
1634 2504 1720 2550 hu-

127 2586 255 2633 mani
306 2585 468 2645 ingeni
520 2585 764 2630 consilium
815 2583 951 2628 fuit-‚⁴2
1015 2582 1121 2628 Chr.
1160 2582 1194 2627 I.
1237 2582 1277 2639 5,
1330 2583 1357 2626 3
1392 2582 1556 2641 „Loth,
1608 2597 1721 2644 prae

127 2664 433 2708 multitudine
453 2664 659 2709 familiae
693 2679 720 2707 a
739 2668 909 2723 patruo
933 2662 1160 2720 dignae-ms,
1193 2666 1247 2705 ut
1269 2661 1523 2706 laxioribus
1543 2668 1721 2707 vacuae

126 2748 228 2787 tum
261 2743 467 2801 regionis
499 2743 664 2802 spatiis
695 2744 953 2797 uterentur,
986 2740 1036 2783 in
1069 2738 1281 2784 Sodomis
1314 2738 1568 2785 consedit“.
1612 2737 1720 2784 Chr.

128 2821 162 2865 I.
225 2822 295 2879 20,
345 2808 380 2866 ι7
419 2821 687 2879 „conscissis
719 2819 935 2867 vestibus
966 2818 1132 2863 flentes
1154 2818 1385 2879 populum*
1412 2818 1720 2876 obtestantur,

127 2914 187 2947 ne
219 2901 593 2962 exploratoribus
625 2900 862 2945 credant“.
925 2898 1033 2943 Chr.
1067 2898 1100 2942 1.
1136 2898 1206 2960 21,
1231 2899 1260 2942 2
1294 2912 1406 2955 „neo
1437 2897 1586 2942 multo
1612 2900 1721 2958 post
