1961 3279
820 107 1116 154 ...ῃ-

178 241 452 286 Sallustium
482 240 713 299 reperitur
761 239 843 284 cfr.
893 240 987 285 Cat.
1021 240 1090 296 25,
1139 242 1157 284 1
1193 240 1450 297 Postquam
1481 237 1681 299 scriptor
1711 237 1761 283 in

178 318 248 375 iis,
280 332 399 377 quae
430 317 726 374 antecedunt,
760 316 1153 374 commemoravit,
1187 316 1330 361 etiam
1360 317 1576 361 mulieres
1600 316 1759 361 coniu-

178 397 371 441 rationis
403 396 699 441 Catilinariae
730 396 975 455 participes
1007 395 1163 451 fuisse,
1197 395 1396 439 scribere
1427 395 1603 454 pergit:
1641 394 1760 450 „Sed

175 473 225 517 in
275 474 347 518 his
398 478 499 518 erat
536 473 796 530 Scribonia,
849 488 969 531 quae
998 473 1148 517 multa
1181 487 1321 531 saepe
1358 472 1509 517 virilis
1540 471 1760 516 audaciae

176 552 383 597 facinora
424 552 760 595 commiserat“.
824 550 928 595 Liv.
964 552 1003 606 9,
1037 552 1077 607 2,
1131 552 1158 594 6
1209 550 1355 613 „duae
1405 549 1464 593 ad
1514 550 1759 593 Luceriam

177 629 391 675 ferebant
421 629 540 686 viae,
573 629 720 674 altera
749 633 935 688 praeter
966 643 1094 673 oram
1127 628 1282 688 superi
1313 628 1465 684 mariS,
1499 628 1647 672 altera
1676 642 1760 688 per

176 707 379 752 furculas
411 706 638 752 Caudinas
669 707 874 763 brevior;
907 706 989 751 sed
1018 706 1088 751 ita
1117 710 1257 751 natus
1287 706 1415 750 locus
1449 707 1561 749 est“.

526 879 615 929 De
653 879 977 943 particulis
1016 878 1406 929 conclusiviS.

318 1019 391 1063 De
420 1018 663 1078 particulis
696 1018 971 1064 conclusivis
1003 1033 1108 1063 eum
1137 1018 1334 1063 dicimus
1356 1016 1759 1061 commemoranda

175 1096 402 1156 imprimis
434 1100 505 1140 est
535 1096 705 1155 positio
736 1096 863 1140 vocis
898 1096 1112 1153 „igitur“.
1175 1095 1360 1139 Aureae
1405 1094 1574 1139 aetatis
1616 1094 1758 1152 scrip-

175 1178 301 1217 tores
346 1173 622 1233 plerumque
669 1171 870 1216 secundo
925 1173 1026 1217 loco
1072 1172 1193 1217 hanc
1238 1172 1516 1232 particulam
1562 1176 1756 1231 ponunt,

175 1266 312 1310 saepe
343 1251 485 1295 tertio
516 1251 594 1295 vel
626 1255 793 1308 quarto
824 1250 944 1306 loco;
991 1250 1071 1295 sed
1104 1265 1209 1295 raro
1256 1250 1460 1310 primum
1491 1250 1644 1295 locum
1676 1250 1757 1294 ob-

175 1329 298 1373 tinet
333 1328 548 1386 „igitur“.
614 1328 859 1387 (Exempla
888 1328 1186 1372 Ciceroniana
1216 1328 1345 1373 vocis
1380 1328 1578 1386 „igitur“
1619 1327 1756 1371 initio

174 1405 434 1450 sententiae
479 1405 658 1464 positae
703 1406 893 1463 collegit
937 1406 1211 1450 Boetticher
1260 1405 1310 1449 in
1360 1405 1508 1449 lexico
1566 1405 1757 1449 Taciteo

174 1497 278 1541 pag.
326 1482 456 1540 237.).
518 1482 592 1526 Ab
638 1482 725 1526 hoc
775 1483 1071 1527 classicorum
1102 1483 1396 1545 *scriptorum
1440 1498 1529 1526 usu
1576 1482 1754 1541 primus

173 1560 362 1604 recessit
409 1559 658 1604 Sallustius
705 1564 752 1604 et
797 1574 975 1618 semper
1021 1560 1119 1605 fere
1163 1560 1315 1619 primo
1346 1560 1448 1604 loco
1479 1560 1756 1619 particulam

178 1635 377 1695 „igitur“
427 1636 586 1695 posuit
635 1636 736 1692 (cfr.
767 1638 904 1682 Laws
934 1638 962 1681 l.
994 1638 1022 1681 1.
1053 1652 1159 1696 pag.
1197 1636 1285 1696 13),
1318 1623 1456 1695 quem
1488 1651 1623 1682 usum
1655 1636 1755 1680 Sal-

176 1714 435 1758 lustianum
467 1713 632 1758 Livius
680 1719 727 1759 et
760 1715 951 1759 Tacitus
983 1715 1159 1763 imitati
1190 1720 1301 1759 sunt
1333 1715 1448 1759 item
1479 1719 1620 1772 atque
1651 1714 1756 1758 Sul-

173 1792 322 1850 picius
355 1792 569 1848 Severus,
602 1792 732 1836 cuius
764 1792 874 1837 libri
904 1793 1129 1851 praebent
1160 1793 1274 1837 haec
1305 1793 1533 1852 exempla:

318 1869 425 1913 Chr.
455 1870 492 1913 Ι.
523 1870 563 1925 2,
610 1870 651 1913 5.
682 1871 722 1925 3,
756 1871 794 1913 3.
839 1872 879 1925 4,
913 1871 951 1913 2.
1001 1872 1041 1926 8,
1073 1872 1113 1914 3.
1148 1873 1216 1927 10,
1254 1873 1289 1915 1.
1342 1872 1408 1926 10,
1441 1872 1480 1914 6.
1516 1872 1582 1926 11,
1616 1871 1654 1914 6.
1691 1871 1756 1925 12,

175 1948 204 1990 2
234 1950 282 1990 et
314 1948 354 1990 6.
392 1947 459 2002 13,
496 1948 531 1989 1.
571 1947 634 2002 15,
668 1947 707 1990 3.
741 1948 810 2002 20,
844 1948 882 1990 2.
915 1948 985 2002 21,
1016 1948 1058 1991 4.
1111 1949 1180 2004 22,
1213 1949 1253 1991 3.
1302 1948 1369 2003 23,
1404 1947 1431 1990 2
1463 1951 1511 1991 et
1545 1948 1582 1991 7.
1616 1947 1686 2003 24,
1719 1948 1757 1990 3.

176 2023 245 2079 25,
281 2024 317 2066 1.
351 2023 421 2078 26,
454 2022 493 2065 5.
527 2023 597 2078 28,
633 2024 669 2065 1.
702 2024 772 2079 30,
809 2025 829 2066 1
865 2028 913 2067 et
943 2025 985 2067 4.
1037 2025 1107 2080 32,
1141 2026 1182 2067 4.
1229 2025 1299 2080 33,
1332 2024 1360 2068 5
1392 2029 1440 2068 et
1473 2026 1513 2068 6.
1547 2025 1617 2080 34,
1649 2024 1679 2068 5
1711 2028 1759 2067 et

176 2102 216 2144 7.
249 2100 319 2155 35,
355 2101 392 2143 1.
424 2100 495 2154 36,
529 2101 567 2143 2.
614 2102 685 2156 40,
719 2100 758 2144 2.
804 2102 874 2156 43,
908 2102 947 2144 2.
993 2102 1064 2157 44,
1097 2103 1137 2145 6.
1180 2102 1252 2157 47,
1288 2103 1309 2145 1
1344 2106 1391 2145 et
1423 2102 1463 2145 3.
1508 2102 1581 2157 48,
1614 2102 1654 2145 5.
1686 2102 1757 2157 52,

174 2177 214 2221 3.
246 2175 318 2233 53,
349 2177 389 2220 3.
450 2175 557 2221 Chr.
600 2176 660 2220 II.
721 2179 755 2234 l,
808 2178 838 2221 4
889 2181 938 2222 et
990 2179 1029 2222 8.
1082 2180 1122 2235 3,
1179 2181 1199 2222 1
1255 2182 1302 2223 et
1355 2179 1394 2222 8.
1446 2179 1487 2235 4,
1540 2179 1578 2221 3.
1625 2178 1665 2234 5,
1719 2179 1757 2221 2.

174 2254 214 2308 6,
247 2254 287 2295 4.
323 2254 363 2308 7,
399 2255 418 2296 1
455 2258 503 2296 et
536 2254 575 2296 2.
609 2255 648 2309 8,
683 2255 710 2297 2
742 2259 789 2297 et
820 2255 850 2297 4
882 2259 930 2298 et
964 2256 1004 2298 7.
1035 2256 1140 2311 9,2.
1176 2257 1243 2311 12,
1276 2256 1374 2299 5et
1408 2257 1445 2299 7.
1483 2256 1548 2311 13,
1581 2258 1607 2299 6
1639 2260 1686 2299 et
1721 2257 1757 2298 7.

178 2329 245 2386 15,
281 2330 303 2373 1
328 2333 376 2374 et
412 2331 477 2375 10.
513 2330 582 2387 21,
614 2331 654 2375 5.
688 2331 758 2388 24,
790 2332 830 2375 3.
863 2332 932 2389 26,
969 2334 989 2376 1
1025 2336 1073 2377 et
1105 2333 1145 2378 6.
1184 2333 1254 2390 29,
1287 2333 1326 2377 2.
1364 2334 1434 2390 30,
1471 2334 1490 2377 1
1526 2336 1574 2378 et
1604 2334 1644 2377 4.
1687 2333 1756 2389 34,

175 2407 214 2449 2.
247 2406 317 2462 35,
348 2408 390 2449 4.
440 2408 510 2463 37,
543 2408 583 2450 5.
631 2409 701 2464 39,
738 2411 757 2451 1
789 2413 837 2452 et
869 2411 910 2452 6.
955 2410 1028 2465 41,
1066 2412 1084 2451 1
1120 2415 1168 2453 et
1200 2412 1239 2454 6.
1284 2411 1356 2466 45,
1392 2413 1427 2454 1.
1473 2412 1544 2466 47,
1579 2414 1597 2454 1
1635 2416 1682 2454 et
1715 2413 1754 2454 6.

173 2484 245 2541 49,
277 2485 304 2528 3
337 2488 385 2528 et
418 2485 459 2529 6.
507 2484 568 2528 M.
606 2488 641 2541 1,
678 2487 715 2529 7.
748 2487 861 2542 2,1.
904 2488 1015 2542 6,1.
1063 2487 1119 2531 D.
1150 2488 1183 2532 I.
1217 2489 1328 2544 8,1.
1390 2488 1445 2532 D.
1485 2488 1539 2532 II.
1570 2489 1610 2544 3,
1644 2489 1683 2532 9.
1716 2489 1755 2544 5,

176 2563 216 2605 8.
252 2561 482 2615 (Secundo
514 2562 614 2606 loeo
645 2564 852 2622 positum
883 2568 972 2608 est:
1021 2565 1126 2608 Chr.
1158 2565 1191 2608 I.
1227 2567 1294 2621 12,
1327 2568 1366 2609 3.
1400 2566 1469 2621 25,
1502 2567 1542 2609 8.
1591 2566 1653 2609 M.
1690 2567 1756 2621 13,

175 2640 215 2682 6.
248 2638 303 2682 E.
333 2638 413 2682 111.
445 2640 486 2683 6.
516 2639 572 2683 D.
593 2639 628 2683 Ι.
663 2641 729 2696 13,
760 2642 801 2684 4.
838 2640 905 2697 15,
937 2641 977 2685 3.
1008 2641 1059 2685 D.
1080 2641 1136 2685 H.
1172 2644 1251 2698 1,1.
1289 2644 1325 2698 1,
1358 2644 1398 2686 9.
1436 2643 1472 2698 7,
1505 2642 1566 2698 5).
1597 2641 1757 2686 Etiam

174 2716 255 2760 alii
284 2716 553 2775 posterioris
586 2718 755 2762 aetatis
786 2718 1034 2777 scriptores
1069 2718 1268 2776 „igitur“
1303 2719 1580 2778 particulam
1611 2719 1756 2763 inter-

174 2792 286 2837 dum
315 2792 452 2837 initio
486 2794 720 2838 enuntiati
750 2799 952 2853 ponunt,
999 2794 1080 2839 sed
1111 2809 1270 2840 omnes
1301 2796 1351 2840 in
1382 2796 1470 2841 hoc
1500 2810 1588 2841 usu
1617 2797 1758 2857 longe

174 2874 454 2935 superantur
484 2886 512 2915 a
542 2871 778 2929 Sallustio,
818 2871 969 2930 Livio,
1002 2871 1179 2929 Tacito,
1211 2872 1416 2935 Sulpicio
1448 2874 1636 2924 Severo·
