<?xml version="1.0" encoding="UTF-8"?>
<!DOCTYPE html PUBLIC "-//W3C//DTD XHTML 1.0 Transitional//EN"
    "http://www.w3.org/TR/xhtml1/DTD/xhtml1-transitional.dtd">
<html xmlns="http://www.w3.org/1999/xhtml" xml:lang="en" lang="en">
 <head>
  <title>
</title>
<meta http-equiv="Content-Type" content="text/html;charset=utf-8" />
  <meta name='ocr-system' content='tesseract 3.04.00' />
  <meta name='ocr-capabilities' content='ocr_page ocr_carea ocr_par ocr_line ocrx_word'/>
</head>
<body>
  <div class='ocr_page' id='page_1' title='image "4738120_0032.png"; bbox 0 0 1961 3279; ppageno 0'>
   <div class='ocr_carea' id='block_1_1' title="bbox 846 117 1143 166">
    <p class='ocr_par' dir='ltr' id='par_1_1' title="bbox 846 117 1143 166">
     <span class='ocr_line' id='line_1_1' title="bbox 846 117 1143 166; baseline 0 -14"><span class='ocrx_word' id='word_1_1' title='bbox 846 117 1143 166; x_wconf 46' lang='lat'><strong>...202</strong></span> 
     </span>
    </p>
   </div>
   <div class='ocr_carea' id='block_1_2' title="bbox 132 240 1857 2939">
    <p class='ocr_par' dir='ltr' id='par_1_2' title="bbox 132 240 1857 1376">
     <span class='ocr_line' id='line_1_2' title="bbox 341 240 1786 310; baseline 0.003 -18"><span class='ocrx_word' id='word_1_2' title='bbox 341 244 572 293; x_wconf 88' lang='lat' dir='ltr'><strong>Dativum</strong></span> <span class='ocrx_word' id='word_1_3' title='bbox 594 248 719 309; x_wconf 85' lang='lat' dir='ltr'><strong>apud</strong></span> <span class='ocrx_word' id='word_1_4' title='bbox 748 264 910 295; x_wconf 90' lang='lat' dir='ltr'><strong>omnes</strong></span> <span class='ocrx_word' id='word_1_5' title='bbox 939 240 1187 310; x_wconf 85' lang='lat' dir='ltr'><strong>scriptores</strong></span> <span class='ocrx_word' id='word_1_6' title='bbox 1207 251 1458 308; x_wconf 86' lang='lat' dir='ltr'><strong>Romanos,</strong></span> <span class='ocrx_word' id='word_1_7' title='bbox 1491 251 1682 296; x_wconf 78' lang='lat' dir='ltr'><strong>Caesare</strong></span> <span class='ocrx_word' id='word_1_8' title='bbox 1709 261 1786 297; x_wconf 75' lang='lat' dir='ltr'><strong>ex-</strong></span> 
     </span>
     <span class='ocr_line' id='line_1_3' title="bbox 197 326 1786 387; baseline 0.003 -18"><span class='ocrx_word' id='word_1_9' title='bbox 197 330 346 385; x_wconf 91' lang='lat' dir='ltr'><strong>cepto,</strong></span> <span class='ocrx_word' id='word_1_10' title='bbox 391 326 549 370; x_wconf 90' lang='lat' dir='ltr'><strong>verbis</strong></span> <span class='ocrx_word' id='word_1_11' title='bbox 577 327 776 385; x_wconf 78' lang='lat' dir='ltr'><strong>passivis</strong></span> <span class='ocrx_word' id='word_1_12' title='bbox 806 327 917 384; x_wconf 83' lang='lat' dir='ltr'><strong>„ab“</strong></span> <span class='ocrx_word' id='word_1_13' title='bbox 945 328 1306 387; x_wconf 71' lang='lat' dir='ltr'><strong>praepositionis</strong></span> <span class='ocrx_word' id='word_1_14' title='bbox 1347 328 1447 373; x_wconf 95' lang='lat' dir='ltr'><strong>loco</strong></span> <span class='ocrx_word' id='word_1_15' title='bbox 1477 329 1624 374; x_wconf 89' lang='lat' dir='ltr'><strong>subici</strong></span> <span class='ocrx_word' id='word_1_16' title='bbox 1651 344 1786 373; x_wconf 89' lang='lat' dir='ltr'><strong>nemo</strong></span> 
     </span>
     <span class='ocr_line' id='line_1_4' title="bbox 196 392 1788 466; baseline 0.003 -20"><span class='ocrx_word' id='word_1_17' title='bbox 196 406 279 459; x_wconf 91' lang='lat' dir='ltr'><strong>est,</strong></span> <span class='ocrx_word' id='word_1_18' title='bbox 309 403 391 461; x_wconf 91' lang='lat' dir='ltr'><strong>qui</strong></span> <span class='ocrx_word' id='word_1_19' title='bbox 413 392 602 448; x_wconf 85' lang='lat' dir='ltr'><strong>nesciat.</strong></span> <span class='ocrx_word' id='word_1_20' title='bbox 637 403 730 448; x_wconf 85' lang='lat' dir='ltr'><strong>Sed</strong></span> <span class='ocrx_word' id='word_1_21' title='bbox 752 403 877 464; x_wconf 90' lang='lat' dir='ltr'><strong>apud</strong></span> <span class='ocrx_word' id='word_1_22' title='bbox 897 404 1162 457; x_wconf 79' lang='lat' dir='ltr'><strong>Ciceronem</strong></span> <span class='ocrx_word' id='word_1_23' title='bbox 1190 405 1513 465; x_wconf 75' lang='lat' dir='ltr'><strong>principesque</strong></span> <span class='ocrx_word' id='word_1_24' title='bbox 1541 406 1788 466; x_wconf 87' lang='lat' dir='ltr'><strong>scriptores</strong></span> 
     </span>
     <span class='ocr_line' id='line_1_5' title="bbox 194 481 1786 543; baseline 0.003 -19"><span class='ocrx_word' id='word_1_25' title='bbox 194 495 358 539; x_wconf 89' lang='lat' dir='ltr'><strong>prosae</strong></span> <span class='ocrx_word' id='word_1_26' title='bbox 403 481 630 525; x_wconf 79' lang='lat' dir='ltr'><strong>orationis</strong></span> <span class='ocrx_word' id='word_1_27' title='bbox 674 481 749 525; x_wconf 91' lang='lat' dir='ltr'><strong>hic</strong></span> <span class='ocrx_word' id='word_1_28' title='bbox 793 481 983 526; x_wconf 88' lang='lat' dir='ltr'><strong>dativus</strong></span> <span class='ocrx_word' id='word_1_29' title='bbox 1027 497 1208 541; x_wconf 84' lang='lat' dir='ltr'><strong>semper</strong></span> <span class='ocrx_word' id='word_1_30' title='bbox 1251 482 1349 527; x_wconf 88' lang='lat' dir='ltr'><strong>fere</strong></span> <span class='ocrx_word' id='word_1_31' title='bbox 1395 497 1499 527; x_wconf 87' lang='lat' dir='ltr'><strong>cum</strong></span> <span class='ocrx_word' id='word_1_32' title='bbox 1541 483 1786 543; x_wconf 87' lang='lat' dir='ltr'><strong>participio</strong></span> 
     </span>
     <span class='ocr_line' id='line_1_6' title="bbox 195 557 1786 618; baseline 0.003 -17"><span class='ocrx_word' id='word_1_33' title='bbox 195 557 392 617; x_wconf 89' lang='lat' dir='ltr'><strong>perfecti</strong></span> <span class='ocrx_word' id='word_1_34' title='bbox 420 564 468 603; x_wconf 90' lang='lat' dir='ltr'><strong>et</strong></span> <span class='ocrx_word' id='word_1_35' title='bbox 498 572 603 603; x_wconf 90' lang='lat' dir='ltr'><strong>cum</strong></span> <span class='ocrx_word' id='word_1_36' title='bbox 631 559 924 618; x_wconf 76' lang='lat' dir='ltr'><strong>temporibus</strong></span> <span class='ocrx_word' id='word_1_37' title='bbox 952 559 1011 603; x_wconf 85' lang='lat' dir='ltr'><strong>ab</strong></span> <span class='ocrx_word' id='word_1_38' title='bbox 1040 559 1121 603; x_wconf 91' lang='lat' dir='ltr'><strong>illo</strong></span> <span class='ocrx_word' id='word_1_39' title='bbox 1150 559 1378 604; x_wconf 87' lang='lat' dir='ltr'><strong>derivatis</strong></span> <span class='ocrx_word' id='word_1_40' title='bbox 1406 561 1678 605; x_wconf 90' lang='lat' dir='ltr'><strong>coniunctus</strong></span> <span class='ocrx_word' id='word_1_41' title='bbox 1701 566 1786 618; x_wconf 91' lang='lat' dir='ltr'><strong>est,</strong></span> 
     </span>
     <span class='ocr_line' id='line_1_7' title="bbox 195 635 1786 696; baseline 0.003 -18"><span class='ocrx_word' id='word_1_42' title='bbox 195 636 429 680; x_wconf 85' lang='lat' dir='ltr'><strong>rarissime</strong></span> <span class='ocrx_word' id='word_1_43' title='bbox 458 640 616 680; x_wconf 90' lang='lat' dir='ltr'><strong>autem</strong></span> <span class='ocrx_word' id='word_1_44' title='bbox 645 635 825 692; x_wconf 88' lang='lat' dir='ltr'><strong>accidit,</strong></span> <span class='ocrx_word' id='word_1_45' title='bbox 853 641 908 680; x_wconf 91' lang='lat' dir='ltr'><strong>ut</strong></span> <span class='ocrx_word' id='word_1_46' title='bbox 937 635 1194 680; x_wconf 74' lang='lat' dir='ltr'><strong>subiciatur</strong></span> <span class='ocrx_word' id='word_1_47' title='bbox 1222 637 1526 696; x_wconf 73' lang='lat' dir='ltr'><strong>temporibus,</strong></span> <span class='ocrx_word' id='word_1_48' title='bbox 1556 652 1675 695; x_wconf 89' lang='lat' dir='ltr'><strong>quae</strong></span> <span class='ocrx_word' id='word_1_49' title='bbox 1703 652 1786 682; x_wconf 88' lang='lat' dir='ltr'><strong>vo-</strong></span> 
     </span>
     <span class='ocr_line' id='line_1_8' title="bbox 195 712 1783 772; baseline 0.003 -17"><span class='ocrx_word' id='word_1_50' title='bbox 195 716 376 769; x_wconf 89' lang='lat' dir='ltr'><strong>cantur,</strong></span> <span class='ocrx_word' id='word_1_51' title='bbox 407 712 707 771; x_wconf 89' lang='lat' dir='ltr'><strong>simplicibus.</strong></span> <span class='ocrx_word' id='word_1_52' title='bbox 760 712 1011 772; x_wconf 83' lang='lat' dir='ltr'><strong>Sallustius</strong></span> <span class='ocrx_word' id='word_1_53' title='bbox 1040 712 1122 756; x_wconf 87' lang='lat' dir='ltr'><strong>hac</strong></span> <span class='ocrx_word' id='word_1_54' title='bbox 1151 713 1201 757; x_wconf 92' lang='lat' dir='ltr'><strong>in</strong></span> <span class='ocrx_word' id='word_1_55' title='bbox 1229 728 1279 757; x_wconf 88' lang='lat' dir='ltr'><strong>re</strong></span> <span class='ocrx_word' id='word_1_56' title='bbox 1307 729 1404 758; x_wconf 91' lang='lat' dir='ltr'><strong>non</strong></span> <span class='ocrx_word' id='word_1_57' title='bbox 1438 714 1640 759; x_wconf 85' lang='lat' dir='ltr'><strong>multum</strong></span> <span class='ocrx_word' id='word_1_58' title='bbox 1689 714 1783 759; x_wconf 89' lang='lat' dir='ltr'><strong>dis-</strong></span> 
     </span>
     <span class='ocr_line' id='line_1_9' title="bbox 195 790 1787 853; baseline 0.002 -21"><span class='ocrx_word' id='word_1_59' title='bbox 195 795 357 848; x_wconf 88' lang='lat' dir='ltr'><strong>crepat</strong></span> <span class='ocrx_word' id='word_1_60' title='bbox 387 805 414 833; x_wconf 86' lang='lat' dir='ltr'><strong>a</strong></span> <span class='ocrx_word' id='word_1_61' title='bbox 441 790 715 853; x_wconf 79' lang='lat' dir='ltr'><strong>melioribus</strong></span> <span class='ocrx_word' id='word_1_62' title='bbox 744 790 1069 848; x_wconf 86' lang='lat' dir='ltr'><strong>scriptoribus;</strong></span> <span class='ocrx_word' id='word_1_63' title='bbox 1099 790 1180 833; x_wconf 89' lang='lat' dir='ltr'><strong>sed</strong></span> <span class='ocrx_word' id='word_1_64' title='bbox 1202 790 1368 835; x_wconf 88' lang='lat' dir='ltr'><strong>Livius</strong></span> <span class='ocrx_word' id='word_1_65' title='bbox 1397 796 1446 835; x_wconf 92' lang='lat' dir='ltr'><strong>et</strong></span> <span class='ocrx_word' id='word_1_66' title='bbox 1474 792 1663 836; x_wconf 83' lang='lat' dir='ltr'><strong>Tacitus</strong></span> <span class='ocrx_word' id='word_1_67' title='bbox 1691 806 1787 835; x_wconf 87' lang='lat' dir='ltr'><strong>non</strong></span> 
     </span>
     <span class='ocr_line' id='line_1_10' title="bbox 197 866 1785 928; baseline 0.003 -19"><span class='ocrx_word' id='word_1_68' title='bbox 197 866 348 911; x_wconf 90' lang='lat' dir='ltr'><strong>solum</strong></span> <span class='ocrx_word' id='word_1_69' title='bbox 392 871 608 927; x_wconf 88' lang='lat' dir='ltr'><strong>tempora</strong></span> <span class='ocrx_word' id='word_1_70' title='bbox 651 866 921 927; x_wconf 87' lang='lat' dir='ltr'><strong>composita,</strong></span> <span class='ocrx_word' id='word_1_71' title='bbox 966 866 1047 911; x_wconf 88' lang='lat' dir='ltr'><strong>sed</strong></span> <span class='ocrx_word' id='word_1_72' title='bbox 1075 867 1217 912; x_wconf 90' lang='lat' dir='ltr'><strong>etiam</strong></span> <span class='ocrx_word' id='word_1_73' title='bbox 1261 867 1486 928; x_wconf 89' lang='lat' dir='ltr'><strong>simplicia</strong></span> <span class='ocrx_word' id='word_1_74' title='bbox 1527 867 1654 913; x_wconf 89' lang='lat' dir='ltr'><strong>haud</strong></span> <span class='ocrx_word' id='word_1_75' title='bbox 1680 882 1785 913; x_wconf 90' lang='lat' dir='ltr'><strong>raro</strong></span> 
     </span>
     <span class='ocr_line' id='line_1_11' title="bbox 197 944 1787 1003; baseline 0.002 -16"><span class='ocrx_word' id='word_1_76' title='bbox 197 944 267 988; x_wconf 85' lang='lat' dir='ltr'><strong>ita</strong></span> <span class='ocrx_word' id='word_1_77' title='bbox 295 949 588 1000; x_wconf 88' lang='lat' dir='ltr'><strong>construunt,</strong></span> <span class='ocrx_word' id='word_1_78' title='bbox 632 946 746 989; x_wconf 92' lang='lat' dir='ltr'><strong>item</strong></span> <span class='ocrx_word' id='word_1_79' title='bbox 790 945 1022 1003; x_wconf 87' lang='lat' dir='ltr'><strong>Sulpicius</strong></span> <span class='ocrx_word' id='word_1_80' title='bbox 1068 945 1283 992; x_wconf 72' lang='lat' dir='ltr'><strong>Severus</strong></span> <span class='ocrx_word' id='word_1_81' title='bbox 1347 946 1484 998; x_wconf 77' lang='lat' dir='ltr'><strong>Quod</strong></span> <span class='ocrx_word' id='word_1_82' title='bbox 1527 946 1700 990; x_wconf 83' lang='lat' dir='ltr'><strong>attinet</strong></span> <span class='ocrx_word' id='word_1_83' title='bbox 1727 946 1787 990; x_wconf 89' lang='lat' dir='ltr'><strong>ad</strong></span> 
     </span>
     <span class='ocr_line' id='line_1_12' title="bbox 193 1021 1784 1083; baseline 0.002 -17"><span class='ocrx_word' id='word_1_84' title='bbox 193 1026 407 1082; x_wconf 88' lang='lat' dir='ltr'><strong>tempora</strong></span> <span class='ocrx_word' id='word_1_85' title='bbox 449 1021 703 1082; x_wconf 88' lang='lat' dir='ltr'><strong>composita</strong></span> <span class='ocrx_word' id='word_1_86' title='bbox 746 1035 894 1082; x_wconf 90' lang='lat' dir='ltr'><strong>pauca</strong></span> <span class='ocrx_word' id='word_1_87' title='bbox 936 1021 1173 1067; x_wconf 85' lang='lat' dir='ltr'><strong>sufficiant</strong></span> <span class='ocrx_word' id='word_1_88' title='bbox 1202 1022 1424 1083; x_wconf 87' lang='lat' dir='ltr'><strong>exempla.</strong></span> <span class='ocrx_word' id='word_1_89' title='bbox 1488 1022 1590 1068; x_wconf 89' lang='lat' dir='ltr'><strong>Chr.</strong></span> <span class='ocrx_word' id='word_1_90' title='bbox 1621 1023 1656 1068; x_wconf 95' lang='grc' dir='ltr'><strong>Ι.</strong></span> <span class='ocrx_word' id='word_1_91' title='bbox 1686 1024 1728 1081; x_wconf 85' lang='lat'>4,</span> <span class='ocrx_word' id='word_1_92' title='bbox 1760 1024 1784 1068; x_wconf 84' lang='lat'>7</span> 
     </span>
     <span class='ocr_line' id='line_1_13' title="bbox 194 1099 1787 1157; baseline 0.001 -15"><span class='ocrx_word' id='word_1_93' title='bbox 194 1099 302 1155; x_wconf 92' lang='lat' dir='ltr'><strong>„sed</strong></span> <span class='ocrx_word' id='word_1_94' title='bbox 330 1100 439 1142; x_wconf 89' lang='lat' dir='ltr'><strong>filiis</strong></span> <span class='ocrx_word' id='word_1_95' title='bbox 468 1101 567 1144; x_wconf 91' lang='lat' dir='ltr'><strong>Noe</strong></span> <span class='ocrx_word' id='word_1_96' title='bbox 605 1101 675 1143; x_wconf 87' lang='lat' dir='ltr'><strong>ita</strong></span> <span class='ocrx_word' id='word_1_97' title='bbox 702 1100 884 1143; x_wconf 88' lang='lat' dir='ltr'><strong>divisus</strong></span> <span class='ocrx_word' id='word_1_98' title='bbox 914 1100 1040 1143; x_wconf 88' lang='lat' dir='ltr'><strong>orbis</strong></span> <span class='ocrx_word' id='word_1_99' title='bbox 1079 1099 1211 1144; x_wconf 70' lang='lat' dir='ltr'><strong>fuit“.</strong></span> <span class='ocrx_word' id='word_1_100' title='bbox 1273 1101 1374 1144; x_wconf 87' lang='lat' dir='ltr'><strong>Chr.</strong></span> <span class='ocrx_word' id='word_1_101' title='bbox 1405 1102 1467 1144; x_wconf 95' lang='grc' dir='ltr'><strong>ΙΙ.</strong></span> <span class='ocrx_word' id='word_1_102' title='bbox 1499 1103 1540 1157; x_wconf 90' lang='lat'><strong>4,</strong></span> <span class='ocrx_word' id='word_1_103' title='bbox 1571 1103 1598 1145; x_wconf 90' lang='lat'>6</span> <span class='ocrx_word' id='word_1_104' title='bbox 1627 1101 1787 1157; x_wconf 88' lang='lat' dir='ltr'><strong>„nobis</strong></span> 
     </span>
     <span class='ocr_line' id='line_1_14' title="bbox 132 1169 1857 1238; baseline 0.001 -17"><span class='ocrx_word' id='word_1_105' title='bbox 132 1190 136 1195; x_wconf 89' lang='lat'>·</span> <span class='ocrx_word' id='word_1_106' title='bbox 194 1175 315 1221; x_wconf 89' lang='lat' dir='ltr'><strong>nihil</strong></span> <span class='ocrx_word' id='word_1_107' title='bbox 344 1178 673 1237; x_wconf 82' lang='lat' dir='ltr'><strong>compertum“.</strong></span> <span class='ocrx_word' id='word_1_108' title='bbox 738 1178 790 1229; x_wconf 75' lang='lat' dir='ltr'><strong>D.</strong></span> <span class='ocrx_word' id='word_1_109' title='bbox 821 1177 857 1221; x_wconf 92' lang='grc' dir='ltr'><strong>Ι.</strong></span> <span class='ocrx_word' id='word_1_110' title='bbox 893 1180 931 1234; x_wconf 94' lang='grc'><strong>1,</strong></span> <span class='ocrx_word' id='word_1_111' title='bbox 965 1169 1013 1221; x_wconf 75' lang='grc'>5</span> <span class='ocrx_word' id='word_1_112' title='bbox 1036 1177 1145 1235; x_wconf 93' lang='lat' dir='ltr'><strong>„qui</strong></span> <span class='ocrx_word' id='word_1_113' title='bbox 1173 1177 1262 1222; x_wconf 89' lang='lat' dir='ltr'><strong>etsi</strong></span> <span class='ocrx_word' id='word_1_114' title='bbox 1289 1178 1405 1222; x_wconf 90' lang='lat' dir='ltr'><strong>mihi</strong></span> <span class='ocrx_word' id='word_1_115' title='bbox 1431 1193 1596 1238; x_wconf 88' lang='lat' dir='ltr'><strong>parum</strong></span> <span class='ocrx_word' id='word_1_116' title='bbox 1626 1178 1782 1237; x_wconf 88' lang='lat' dir='ltr'><strong>cogni·</strong></span> <span class='ocrx_word' id='word_1_117' title='bbox 1852 1173 1857 1178; x_wconf 50' lang='lat'>⁸</span> 
     </span>
     <span class='ocr_line' id='line_1_15' title="bbox 193 1253 1785 1315; baseline 0.001 -17"><span class='ocrx_word' id='word_1_118' title='bbox 193 1260 272 1298; x_wconf 89' lang='lat' dir='ltr'><strong>tus</strong></span> <span class='ocrx_word' id='word_1_119' title='bbox 302 1255 412 1298; x_wconf 85' lang='lat' dir='ltr'><strong>est“.</strong></span> <span class='ocrx_word' id='word_1_120' title='bbox 477 1254 534 1298; x_wconf 90' lang='lat' dir='ltr'><strong>D.</strong></span> <span class='ocrx_word' id='word_1_121' title='bbox 566 1255 645 1299; x_wconf 93' lang='lat' dir='ltr'><strong>III.</strong></span> <span class='ocrx_word' id='word_1_122' title='bbox 681 1257 718 1310; x_wconf 90' lang='lat'><strong>1,</strong></span> <span class='ocrx_word' id='word_1_123' title='bbox 749 1256 776 1298; x_wconf 88' lang='lat'><strong>3</strong></span> <span class='ocrx_word' id='word_1_124' title='bbox 822 1253 999 1310; x_wconf 83' lang='lat' dir='ltr'><strong>„fateor</strong></span> <span class='ocrx_word' id='word_1_125' title='bbox 1042 1255 1166 1298; x_wconf 90' lang='lat' dir='ltr'><strong>enim</strong></span> <span class='ocrx_word' id='word_1_126' title='bbox 1204 1255 1294 1299; x_wconf 91' lang='lat' dir='ltr'><strong>tibi</strong></span> <span class='ocrx_word' id='word_1_127' title='bbox 1323 1288 1332 1298; x_wconf 97' lang='lat'><strong>.</strong></span> <span class='ocrx_word' id='word_1_128' title='bbox 1350 1288 1359 1299; x_wconf 91' lang='lat'><strong>.</strong></span> <span class='ocrx_word' id='word_1_129' title='bbox 1377 1288 1413 1298; x_wconf 89' lang='lat'><strong>..</strong></span> <span class='ocrx_word' id='word_1_130' title='bbox 1442 1255 1558 1299; x_wconf 85' lang='lat' dir='ltr'><strong>mihi</strong></span> <span class='ocrx_word' id='word_1_131' title='bbox 1601 1255 1785 1315; x_wconf 87' lang='lat' dir='ltr'><strong>saepius</strong></span> 
     </span>
     <span class='ocr_line' id='line_1_16' title="bbox 195 1331 781 1376; baseline 0 -1"><span class='ocrx_word' id='word_1_132' title='bbox 195 1331 380 1375; x_wconf 88' lang='lat' dir='ltr'><strong>auditas</strong></span> <span class='ocrx_word' id='word_1_133' title='bbox 409 1346 509 1376; x_wconf 88' lang='lat' dir='ltr'><strong>esse</strong></span> <span class='ocrx_word' id='word_1_134' title='bbox 537 1331 781 1376; x_wconf 83' lang='lat' dir='ltr'><strong>virtutes“.</strong></span> 
     </span>
    </p>

    <p class='ocr_par' dir='ltr' id='par_1_3' title="bbox 190 1408 1784 2241">
     <span class='ocr_line' id='line_1_17' title="bbox 339 1408 1783 1468; baseline 0.001 -16"><span class='ocrx_word' id='word_1_135' title='bbox 339 1408 503 1453; x_wconf 86' lang='lat' dir='ltr'><strong>Dativi</strong></span> <span class='ocrx_word' id='word_1_136' title='bbox 534 1422 639 1453; x_wconf 90' lang='lat' dir='ltr'><strong>cum</strong></span> <span class='ocrx_word' id='word_1_137' title='bbox 668 1409 960 1468; x_wconf 89' lang='lat' dir='ltr'><strong>temporibus</strong></span> <span class='ocrx_word' id='word_1_138' title='bbox 988 1409 1277 1468; x_wconf 84' lang='lat' dir='ltr'><strong>simplicibus</strong></span> <span class='ocrx_word' id='word_1_139' title='bbox 1305 1410 1540 1454; x_wconf 88' lang='lat' dir='ltr'><strong>coniuncti</strong></span> <span class='ocrx_word' id='word_1_140' title='bbox 1576 1409 1686 1454; x_wconf 89' lang='lat' dir='ltr'><strong>haec</strong></span> <span class='ocrx_word' id='word_1_141' title='bbox 1713 1410 1783 1454; x_wconf 88' lang='lat' dir='ltr'><strong>in-</strong></span> 
     </span>
     <span class='ocr_line' id='line_1_18' title="bbox 194 1486 1784 1545; baseline -0.001 -15"><span class='ocrx_word' id='word_1_142' title='bbox 194 1486 305 1530; x_wconf 90' lang='lat' dir='ltr'><strong>veni</strong></span> <span class='ocrx_word' id='word_1_143' title='bbox 335 1486 565 1545; x_wconf 85' lang='lat' dir='ltr'><strong>exempla:</strong></span> <span class='ocrx_word' id='word_1_144' title='bbox 609 1486 711 1529; x_wconf 90' lang='lat' dir='ltr'><strong>Chr.</strong></span> <span class='ocrx_word' id='word_1_145' title='bbox 744 1487 776 1529; x_wconf 87' lang='lat'><strong>1.</strong></span> <span class='ocrx_word' id='word_1_146' title='bbox 809 1487 879 1542; x_wconf 93' lang='lat'><strong>20,</strong></span> <span class='ocrx_word' id='word_1_147' title='bbox 909 1486 937 1529; x_wconf 85' lang='lat'>5</span> <span class='ocrx_word' id='word_1_148' title='bbox 981 1486 1382 1545; x_wconf 88' lang='lat' dir='ltr'><strong>„exploratoribus</strong></span> <span class='ocrx_word' id='word_1_149' title='bbox 1424 1487 1475 1530; x_wconf 90' lang='lat' dir='ltr'><strong>in</strong></span> <span class='ocrx_word' id='word_1_150' title='bbox 1503 1501 1604 1530; x_wconf 89' lang='lat' dir='ltr'><strong>eam</strong></span> <span class='ocrx_word' id='word_1_151' title='bbox 1631 1487 1784 1530; x_wconf 89' lang='lat' dir='ltr'><strong>missis</strong></span> 
     </span>
     <span class='ocr_line' id='line_1_19' title="bbox 194 1549 1784 1620; baseline 0.001 -13"><span class='ocrx_word' id='word_1_152' title='bbox 194 1549 534 1608; x_wconf 78' lang='lat' dir='ltr'><strong>renuntiatur“.</strong></span> <span class='ocrx_word' id='word_1_153' title='bbox 582 1563 684 1608; x_wconf 88' lang='lat' dir='ltr'><strong>Chr.</strong></span> <span class='ocrx_word' id='word_1_154' title='bbox 716 1563 772 1607; x_wconf 93' lang='lat' dir='ltr'><strong>II.</strong></span> <span class='ocrx_word' id='word_1_155' title='bbox 803 1565 844 1619; x_wconf 91' lang='lat'><strong>4,</strong></span> <span class='ocrx_word' id='word_1_156' title='bbox 875 1565 902 1608; x_wconf 87' lang='grc'>6</span> <span class='ocrx_word' id='word_1_157' title='bbox 932 1564 1097 1620; x_wconf 88' lang='lat' dir='ltr'><strong>„sacris</strong></span> <span class='ocrx_word' id='word_1_158' title='bbox 1126 1564 1298 1608; x_wconf 90' lang='lat' dir='ltr'><strong>litteris</strong></span> <span class='ocrx_word' id='word_1_159' title='bbox 1327 1564 1531 1608; x_wconf 88' lang='lat' dir='ltr'><strong>siletur“.</strong></span> <span class='ocrx_word' id='word_1_160' title='bbox 1595 1564 1698 1609; x_wconf 89' lang='lat' dir='ltr'><strong>Chr.</strong></span> <span class='ocrx_word' id='word_1_161' title='bbox 1728 1565 1784 1608; x_wconf 90' lang='grc' dir='ltr'><strong>Π.</strong></span> 
     </span>
     <span class='ocr_line' id='line_1_20' title="bbox 199 1641 1782 1700; baseline 0.001 -16"><span class='ocrx_word' id='word_1_162' title='bbox 199 1643 265 1698; x_wconf 91' lang='grc'><strong>14,</strong></span> <span class='ocrx_word' id='word_1_163' title='bbox 289 1643 315 1686; x_wconf 89' lang='grc'>8</span> <span class='ocrx_word' id='word_1_164' title='bbox 346 1675 382 1699; x_wconf 93' lang='grc'><strong>,,.</strong></span> <span class='ocrx_word' id='word_1_165' title='bbox 405 1676 413 1686; x_wconf 90' lang='grc'><strong>.</strong></span> <span class='ocrx_word' id='word_1_166' title='bbox 436 1677 444 1686; x_wconf 95' lang='grc'><strong>.</strong></span> <span class='ocrx_word' id='word_1_167' title='bbox 477 1646 531 1686; x_wconf 92' lang='lat' dir='ltr'><strong>ut</strong></span> <span class='ocrx_word' id='word_1_168' title='bbox 560 1641 652 1686; x_wconf 87' lang='lat' dir='ltr'><strong>alia</strong></span> <span class='ocrx_word' id='word_1_169' title='bbox 680 1641 929 1699; x_wconf 86' lang='lat' dir='ltr'><strong>agentibus</strong></span> <span class='ocrx_word' id='word_1_170' title='bbox 960 1645 1042 1686; x_wconf 90' lang='lat' dir='ltr'><strong>aut</strong></span> <span class='ocrx_word' id='word_1_171' title='bbox 1064 1641 1154 1685; x_wconf 88' lang='lat' dir='ltr'><strong>alia</strong></span> <span class='ocrx_word' id='word_1_172' title='bbox 1175 1641 1508 1700; x_wconf 89' lang='lat' dir='ltr'><strong>quaerentibus</strong></span> <span class='ocrx_word' id='word_1_173' title='bbox 1536 1641 1647 1686; x_wconf 89' lang='lat' dir='ltr'><strong>haec</strong></span> <span class='ocrx_word' id='word_1_174' title='bbox 1669 1656 1782 1700; x_wconf 91' lang='lat' dir='ltr'><strong>quo-</strong></span> 
     </span>
     <span class='ocr_line' id='line_1_21' title="bbox 193 1719 1782 1779; baseline 0 -17"><span class='ocrx_word' id='word_1_175' title='bbox 193 1735 285 1776; x_wconf 90' lang='lat' dir='ltr'><strong>que</strong></span> <span class='ocrx_word' id='word_1_176' title='bbox 315 1733 420 1763; x_wconf 91' lang='lat' dir='ltr'><strong>cum</strong></span> <span class='ocrx_word' id='word_1_177' title='bbox 459 1719 652 1776; x_wconf 89' lang='lat' dir='ltr'><strong>reliquis</strong></span> <span class='ocrx_word' id='word_1_178' title='bbox 697 1719 1039 1763; x_wconf 86' lang='lat' dir='ltr'><strong>miscerentur“.</strong></span> <span class='ocrx_word' id='word_1_179' title='bbox 1103 1719 1160 1762; x_wconf 89' lang='lat' dir='ltr'><strong>D.</strong></span> <span class='ocrx_word' id='word_1_180' title='bbox 1191 1719 1225 1762; x_wconf 93' lang='grc' dir='ltr'><strong>Ι.</strong></span> <span class='ocrx_word' id='word_1_181' title='bbox 1257 1721 1327 1775; x_wconf 91' lang='grc'><strong>26,</strong></span> <span class='ocrx_word' id='word_1_182' title='bbox 1360 1721 1384 1763; x_wconf 85' lang='grc'>7</span> <span class='ocrx_word' id='word_1_183' title='bbox 1429 1734 1620 1775; x_wconf 87' lang='lat' dir='ltr'><strong>„verum</strong></span> <span class='ocrx_word' id='word_1_184' title='bbox 1648 1719 1782 1779; x_wconf 89' lang='lat' dir='ltr'><strong>nobis</strong></span> 
     </span>
     <span class='ocr_line' id='line_1_22' title="bbox 192 1796 1780 1855; baseline -0.001 -15"><span class='ocrx_word' id='word_1_185' title='bbox 192 1796 252 1840; x_wconf 87' lang='lat' dir='ltr'><strong>ad</strong></span> <span class='ocrx_word' id='word_1_186' title='bbox 281 1797 374 1840; x_wconf 82' lang='lat' dir='ltr'><strong>alia</strong></span> <span class='ocrx_word' id='word_1_187' title='bbox 401 1796 765 1855; x_wconf 86' lang='lat' dir='ltr'><strong>properantibus</strong></span> <span class='ocrx_word' id='word_1_188' title='bbox 796 1796 946 1840; x_wconf 92' lang='lat' dir='ltr'><strong>omnis</strong></span> <span class='ocrx_word' id='word_1_189' title='bbox 981 1796 1169 1839; x_wconf 89' lang='lat' dir='ltr'><strong>illorum</strong></span> <span class='ocrx_word' id='word_1_190' title='bbox 1187 1796 1421 1840; x_wconf 89' lang='lat' dir='ltr'><strong>memoria</strong></span> <span class='ocrx_word' id='word_1_191' title='bbox 1447 1797 1780 1854; x_wconf 86' lang='lat' dir='ltr'><strong>relinquatur“.</strong></span> 
     </span>
     <span class='ocr_line' id='line_1_23' title="bbox 191 1872 1779 1931; baseline -0.001 -13"><span class='ocrx_word' id='word_1_192' title='bbox 191 1874 248 1918; x_wconf 91' lang='lat' dir='ltr'><strong>D.</strong></span> <span class='ocrx_word' id='word_1_193' title='bbox 280 1875 337 1918; x_wconf 88' lang='lat' dir='ltr'><strong>H.</strong></span> <span class='ocrx_word' id='word_1_194' title='bbox 368 1876 410 1930; x_wconf 92' lang='lat'><strong>4,</strong></span> <span class='ocrx_word' id='word_1_195' title='bbox 442 1876 468 1918; x_wconf 87' lang='grc'>8</span> <span class='ocrx_word' id='word_1_196' title='bbox 498 1878 627 1930; x_wconf 89' lang='lat' dir='ltr'><strong>„tota</strong></span> <span class='ocrx_word' id='word_1_197' title='bbox 654 1874 788 1918; x_wconf 91' lang='lat' dir='ltr'><strong>nobis</strong></span> <span class='ocrx_word' id='word_1_198' title='bbox 818 1873 1016 1917; x_wconf 88' lang='lat' dir='ltr'><strong>istorum</strong></span> <span class='ocrx_word' id='word_1_199' title='bbox 1044 1874 1269 1918; x_wconf 90' lang='lat' dir='ltr'><strong>memoria</strong></span> <span class='ocrx_word' id='word_1_200' title='bbox 1302 1874 1633 1931; x_wconf 84' lang='lat' dir='ltr'><strong>relinquatur“.</strong></span> <span class='ocrx_word' id='word_1_201' title='bbox 1699 1872 1779 1917; x_wconf 88' lang='lat' dir='ltr'><strong>cfr.</strong></span> 
     </span>
     <span class='ocr_line' id='line_1_24' title="bbox 190 1950 1781 2007; baseline 0 -13"><span class='ocrx_word' id='word_1_202' title='bbox 190 1951 296 1995; x_wconf 85' lang='lat' dir='ltr'><strong>Liv.</strong></span> <span class='ocrx_word' id='word_1_203' title='bbox 329 1952 369 2007; x_wconf 87' lang='lat'><strong>5,</strong></span> <span class='ocrx_word' id='word_1_204' title='bbox 401 1953 440 2007; x_wconf 88' lang='lat'><strong>6,</strong></span> <span class='ocrx_word' id='word_1_205' title='bbox 477 1953 530 1994; x_wconf 91' lang='grc'><strong>14</strong></span> <span class='ocrx_word' id='word_1_206' title='bbox 559 1966 680 2007; x_wconf 91' lang='lat' dir='ltr'><strong>„non</strong></span> <span class='ocrx_word' id='word_1_207' title='bbox 708 1951 791 1994; x_wconf 92' lang='lat' dir='ltr'><strong>uni</strong></span> <span class='ocrx_word' id='word_1_208' title='bbox 819 1955 902 1994; x_wconf 87' lang='lat' dir='ltr'><strong>aut</strong></span> <span class='ocrx_word' id='word_1_209' title='bbox 931 1951 1068 1994; x_wconf 90' lang='lat' dir='ltr'><strong>alteri</strong></span> <span class='ocrx_word' id='word_1_210' title='bbox 1097 1951 1248 2007; x_wconf 89' lang='lat' dir='ltr'><strong>militi,</strong></span> <span class='ocrx_word' id='word_1_211' title='bbox 1283 1950 1364 1994; x_wconf 86' lang='lat' dir='ltr'><strong>sed</strong></span> <span class='ocrx_word' id='word_1_212' title='bbox 1391 1950 1623 1994; x_wconf 88' lang='lat' dir='ltr'><strong>universis</strong></span> <span class='ocrx_word' id='word_1_213' title='bbox 1653 1965 1781 1994; x_wconf 84' lang='lat' dir='ltr'><strong>exer-</strong></span> 
     </span>
     <span class='ocr_line' id='line_1_25' title="bbox 192 2027 1779 2083; baseline 0.001 -13"><span class='ocrx_word' id='word_1_214' title='bbox 192 2028 362 2071; x_wconf 89' lang='lat' dir='ltr'><strong>citibus</strong></span> <span class='ocrx_word' id='word_1_215' title='bbox 391 2062 400 2071; x_wconf 89' lang='lat'><strong>.</strong></span> <span class='ocrx_word' id='word_1_216' title='bbox 423 2063 431 2072; x_wconf 91' lang='lat'><strong>.</strong></span> <span class='ocrx_word' id='word_1_217' title='bbox 454 2063 462 2071; x_wconf 93' lang='lat'><strong>.</strong></span> <span class='ocrx_word' id='word_1_218' title='bbox 484 2063 493 2072; x_wconf 94' lang='lat'><strong>.</strong></span> <span class='ocrx_word' id='word_1_219' title='bbox 526 2027 822 2072; x_wconf 86' lang='lat' dir='ltr'><strong>audiuntur“.</strong></span> <span class='ocrx_word' id='word_1_220' title='bbox 888 2028 993 2071; x_wconf 83' lang='lat' dir='ltr'><strong>Tac.</strong></span> <span class='ocrx_word' id='word_1_221' title='bbox 1025 2042 1130 2071; x_wconf 87' lang='lat' dir='ltr'><strong>ann.</strong></span> <span class='ocrx_word' id='word_1_222' title='bbox 1166 2030 1202 2082; x_wconf 93' lang='grc'><strong>1,</strong></span> <span class='ocrx_word' id='word_1_223' title='bbox 1238 2030 1287 2070; x_wconf 94' lang='grc'><strong>11</strong></span> <span class='ocrx_word' id='word_1_224' title='bbox 1319 2028 1534 2083; x_wconf 83' lang='lat' dir='ltr'><strong>„Tiberio</strong></span> <span class='ocrx_word' id='word_1_225' title='bbox 1565 2063 1574 2071; x_wconf 92' lang='lat'><strong>.</strong></span> <span class='ocrx_word' id='word_1_226' title='bbox 1595 2063 1604 2072; x_wconf 93' lang='lat'><strong>.</strong></span> <span class='ocrx_word' id='word_1_227' title='bbox 1623 2063 1632 2072; x_wconf 97' lang='lat'><strong>.</strong></span> <span class='ocrx_word' id='word_1_228' title='bbox 1654 2063 1663 2072; x_wconf 90' lang='lat'><strong>.</strong></span> <span class='ocrx_word' id='word_1_229' title='bbox 1694 2028 1779 2071; x_wconf 91' lang='lat' dir='ltr'><strong>im-</strong></span> 
     </span>
     <span class='ocr_line' id='line_1_26' title="bbox 191 2104 1780 2165; baseline 0 -15"><span class='ocrx_word' id='word_1_230' title='bbox 191 2104 524 2165; x_wconf 82' lang='lat' dir='ltr'><strong>plicabantur“.</strong></span> <span class='ocrx_word' id='word_1_231' title='bbox 587 2104 740 2150; x_wconf 91' lang='lat' dir='ltr'><strong>Ceteri</strong></span> <span class='ocrx_word' id='word_1_232' title='bbox 767 2105 1039 2165; x_wconf 84' lang='lat' dir='ltr'><strong>posterioris</strong></span> <span class='ocrx_word' id='word_1_233' title='bbox 1068 2104 1236 2150; x_wconf 84' lang='lat' dir='ltr'><strong>aetatis</strong></span> <span class='ocrx_word' id='word_1_234' title='bbox 1265 2104 1515 2165; x_wconf 88' lang='lat' dir='ltr'><strong>scriptores</strong></span> <span class='ocrx_word' id='word_1_235' title='bbox 1543 2105 1624 2150; x_wconf 87' lang='lat' dir='ltr'><strong>hac</strong></span> <span class='ocrx_word' id='word_1_236' title='bbox 1652 2105 1702 2150; x_wconf 90' lang='lat' dir='ltr'><strong>in</strong></span> <span class='ocrx_word' id='word_1_237' title='bbox 1730 2120 1780 2150; x_wconf 85' lang='lat' dir='ltr'><strong>re</strong></span> 
     </span>
     <span class='ocr_line' id='line_1_27' title="bbox 190 2183 1574 2241; baseline 0.001 -16"><span class='ocrx_word' id='word_1_238' title='bbox 190 2184 240 2225; x_wconf 90' lang='lat' dir='ltr'><strong>in</strong></span> <span class='ocrx_word' id='word_1_239' title='bbox 270 2184 543 2226; x_wconf 86' lang='lat' dir='ltr'><strong>universum</strong></span> <span class='ocrx_word' id='word_1_240' title='bbox 573 2196 677 2225; x_wconf 90' lang='lat' dir='ltr'><strong>cum</strong></span> <span class='ocrx_word' id='word_1_241' title='bbox 706 2183 896 2240; x_wconf 91' lang='lat' dir='ltr'><strong>optimis</strong></span> <span class='ocrx_word' id='word_1_242' title='bbox 932 2183 1237 2241; x_wconf 85' lang='lat' dir='ltr'><strong>scriptoribus</strong></span> <span class='ocrx_word' id='word_1_243' title='bbox 1266 2184 1574 2226; x_wconf 87' lang='lat' dir='ltr'><strong>consentiunt.</strong></span> 
     </span>
    </p>

    <p class='ocr_par' dir='ltr' id='par_1_4' title="bbox 186 2258 1780 2939">
     <span class='ocr_line' id='line_1_28' title="bbox 336 2258 1780 2319; baseline 0 -15"><span class='ocrx_word' id='word_1_244' title='bbox 336 2260 541 2304; x_wconf 87' lang='lat' dir='ltr'><strong>Dativus</strong></span> <span class='ocrx_word' id='word_1_245' title='bbox 582 2258 792 2319; x_wconf 88' lang='lat' dir='ltr'><strong>pendens</strong></span> <span class='ocrx_word' id='word_1_246' title='bbox 822 2274 849 2303; x_wconf 90' lang='lat' dir='ltr'><strong>a</strong></span> <span class='ocrx_word' id='word_1_247' title='bbox 877 2259 1200 2315; x_wconf 88' lang='lat' dir='ltr'><strong>substantivis,</strong></span> <span class='ocrx_word' id='word_1_248' title='bbox 1243 2259 1326 2303; x_wconf 93' lang='lat' dir='ltr'><strong>ubi</strong></span> <span class='ocrx_word' id='word_1_249' title='bbox 1355 2264 1673 2318; x_wconf 84' lang='lat' dir='ltr'><strong>exspectamus</strong></span> <span class='ocrx_word' id='word_1_250' title='bbox 1700 2275 1780 2317; x_wconf 85' lang='lat' dir='ltr'><strong>ge-</strong></span> 
     </span>
     <span class='ocr_line' id='line_1_29' title="bbox 189 2337 1780 2397; baseline 0 -15"><span class='ocrx_word' id='word_1_251' title='bbox 189 2337 419 2394; x_wconf 88' lang='lat' dir='ltr'><strong>netivum,</strong></span> <span class='ocrx_word' id='word_1_252' title='bbox 448 2352 553 2382; x_wconf 86' lang='lat' dir='ltr'><strong>raro</strong></span> <span class='ocrx_word' id='word_1_253' title='bbox 584 2337 709 2397; x_wconf 85' lang='lat' dir='ltr'><strong>apud</strong></span> <span class='ocrx_word' id='word_1_254' title='bbox 737 2337 1101 2396; x_wconf 85' lang='lat' dir='ltr'><strong>praestantiores</strong></span> <span class='ocrx_word' id='word_1_255' title='bbox 1131 2337 1379 2396; x_wconf 88' lang='lat' dir='ltr'><strong>scriptores</strong></span> <span class='ocrx_word' id='word_1_256' title='bbox 1406 2337 1593 2395; x_wconf 89' lang='lat' dir='ltr'><strong>legitur.</strong></span> <span class='ocrx_word' id='word_1_257' title='bbox 1639 2337 1780 2397; x_wconf 88' lang='lat' dir='ltr'><strong>Apud</strong></span> 
     </span>
     <span class='ocr_line' id='line_1_30' title="bbox 189 2415 1780 2473; baseline 0 -15"><span class='ocrx_word' id='word_1_258' title='bbox 189 2415 467 2459; x_wconf 87' lang='lat' dir='ltr'><strong>Sallustium</strong></span> <span class='ocrx_word' id='word_1_259' title='bbox 498 2430 685 2473; x_wconf 91' lang='lat' dir='ltr'><strong>quoque</strong></span> <span class='ocrx_word' id='word_1_260' title='bbox 714 2429 809 2458; x_wconf 92' lang='lat' dir='ltr'><strong>non</strong></span> <span class='ocrx_word' id='word_1_261' title='bbox 838 2415 999 2459; x_wconf 89' lang='lat' dir='ltr'><strong>multis</strong></span> <span class='ocrx_word' id='word_1_262' title='bbox 1028 2415 1139 2458; x_wconf 89' lang='lat' dir='ltr'><strong>locis</strong></span> <span class='ocrx_word' id='word_1_263' title='bbox 1167 2415 1411 2459; x_wconf 84' lang='lat' dir='ltr'><strong>invenitur</strong></span> <span class='ocrx_word' id='word_1_264' title='bbox 1438 2415 1512 2459; x_wconf 89' lang='lat' dir='ltr'><strong>hic</strong></span> <span class='ocrx_word' id='word_1_265' title='bbox 1540 2430 1663 2471; x_wconf 90' lang='lat' dir='ltr'><strong>usus,</strong></span> <span class='ocrx_word' id='word_1_266' title='bbox 1699 2416 1780 2473; x_wconf 90' lang='lat' dir='ltr'><strong>qui</strong></span> 
     </span>
     <span class='ocr_line' id='line_1_31' title="bbox 188 2491 1780 2551; baseline 0.001 -15"><span class='ocrx_word' id='word_1_267' title='bbox 188 2493 285 2536; x_wconf 90' lang='lat' dir='ltr'><strong>late</strong></span> <span class='ocrx_word' id='word_1_268' title='bbox 319 2497 451 2551; x_wconf 82' lang='lat' dir='ltr'><strong>patet</strong></span> <span class='ocrx_word' id='word_1_269' title='bbox 496 2492 620 2551; x_wconf 84' lang='lat' dir='ltr'><strong>apud</strong></span> <span class='ocrx_word' id='word_1_270' title='bbox 649 2492 843 2536; x_wconf 82' lang='lat' dir='ltr'><strong>Livium</strong></span> <span class='ocrx_word' id='word_1_271' title='bbox 872 2497 919 2536; x_wconf 90' lang='lat' dir='ltr'><strong>et</strong></span> <span class='ocrx_word' id='word_1_272' title='bbox 949 2493 1163 2536; x_wconf 84' lang='lat' dir='ltr'><strong>Tacitum</strong></span> <span class='ocrx_word' id='word_1_273' title='bbox 1208 2491 1308 2550; x_wconf 90' lang='lat' dir='ltr'><strong>(cfr.</strong></span> <span class='ocrx_word' id='word_1_274' title='bbox 1339 2493 1559 2551; x_wconf 82' lang='lat' dir='ltr'><strong>Draeger,</strong></span> <span class='ocrx_word' id='word_1_275' title='bbox 1590 2493 1780 2537; x_wconf 86' lang='lat' dir='ltr'><strong>Tacitus</strong></span> 
     </span>
     <span class='ocr_line' id='line_1_32' title="bbox 188 2569 1778 2629; baseline -0.001 -15"><span class='ocrx_word' id='word_1_276' title='bbox 188 2585 293 2628; x_wconf 86' lang='lat' dir='ltr'><strong>pag.</strong></span> <span class='ocrx_word' id='word_1_277' title='bbox 327 2572 385 2615; x_wconf 76' lang='grc'><strong>25</strong></span> <span class='ocrx_word' id='word_1_278' title='bbox 402 2570 504 2629; x_wconf 89' lang='lat' dir='ltr'><strong>sq.).</strong></span> <span class='ocrx_word' id='word_1_279' title='bbox 569 2569 711 2629; x_wconf 86' lang='lat' dir='ltr'><strong>Apud</strong></span> <span class='ocrx_word' id='word_1_280' title='bbox 742 2569 996 2629; x_wconf 88' lang='lat' dir='ltr'><strong>Sulpicium</strong></span> <span class='ocrx_word' id='word_1_281' title='bbox 1026 2569 1250 2614; x_wconf 86' lang='lat' dir='ltr'><strong>Severum</strong></span> <span class='ocrx_word' id='word_1_282' title='bbox 1287 2570 1399 2614; x_wconf 88' lang='lat' dir='ltr'><strong>haec</strong></span> <span class='ocrx_word' id='word_1_283' title='bbox 1436 2570 1598 2616; x_wconf 88' lang='lat' dir='ltr'><strong>inveni</strong></span> <span class='ocrx_word' id='word_1_284' title='bbox 1627 2585 1778 2615; x_wconf 89' lang='lat' dir='ltr'><strong>exem-</strong></span> 
     </span>
     <span class='ocr_line' id='line_1_33' title="bbox 188 2647 1779 2707; baseline 0.001 -16"><span class='ocrx_word' id='word_1_285' title='bbox 188 2648 286 2707; x_wconf 86' lang='lat' dir='ltr'><strong>pla:</strong></span> <span class='ocrx_word' id='word_1_286' title='bbox 327 2647 430 2692; x_wconf 90' lang='lat' dir='ltr'><strong>Chr.</strong></span> <span class='ocrx_word' id='word_1_287' title='bbox 461 2648 494 2691; x_wconf 93' lang='lat' dir='ltr'><strong>I.</strong></span> <span class='ocrx_word' id='word_1_288' title='bbox 526 2649 565 2704; x_wconf 86' lang='lat'><strong>2,</strong></span> <span class='ocrx_word' id='word_1_289' title='bbox 599 2649 622 2691; x_wconf 86' lang='lat'><strong>7</strong></span> <span class='ocrx_word' id='word_1_290' title='bbox 653 2647 850 2705; x_wconf 87' lang='lat' dir='ltr'><strong>„quibus</strong></span> <span class='ocrx_word' id='word_1_291' title='bbox 881 2647 1057 2692; x_wconf 87' lang='lat' dir='ltr'><strong>caelum</strong></span> <span class='ocrx_word' id='word_1_292' title='bbox 1087 2647 1217 2691; x_wconf 90' lang='lat' dir='ltr'><strong>sedes</strong></span> <span class='ocrx_word' id='word_1_293' title='bbox 1246 2649 1386 2692; x_wconf 86' lang='lat' dir='ltr'><strong>erat“.</strong></span> <span class='ocrx_word' id='word_1_294' title='bbox 1451 2648 1554 2692; x_wconf 89' lang='lat' dir='ltr'><strong>Chr.</strong></span> <span class='ocrx_word' id='word_1_295' title='bbox 1585 2649 1619 2692; x_wconf 91' lang='lat' dir='ltr'><strong>I.</strong></span> <span class='ocrx_word' id='word_1_296' title='bbox 1652 2650 1721 2705; x_wconf 86' lang='lat'><strong>29,</strong></span> <span class='ocrx_word' id='word_1_297' title='bbox 1751 2650 1779 2692; x_wconf 82' lang='lat'>5</span> 
     </span>
     <span class='ocr_line' id='line_1_34' title="bbox 188 2725 1779 2792; baseline 0.002 -24"><span class='ocrx_word' id='word_1_298' title='bbox 188 2725 321 2782; x_wconf 86' lang='lat' dir='ltr'><strong>„huic</strong></span> <span class='ocrx_word' id='word_1_299' title='bbox 365 2725 487 2770; x_wconf 90' lang='lat' dir='ltr'><strong>bello</strong></span> <span class='ocrx_word' id='word_1_300' title='bbox 518 2725 614 2769; x_wconf 86' lang='lat' dir='ltr'><strong>dux</strong></span> <span class='ocrx_word' id='word_1_301' title='bbox 648 2725 779 2770; x_wconf 89' lang='lat' dir='ltr'><strong>fuit“.</strong></span> <span class='ocrx_word' id='word_1_302' title='bbox 842 2725 949 2792; x_wconf 25' lang='lat' dir='ltr'><strong>Chr..</strong></span> <span class='ocrx_word' id='word_1_303' title='bbox 972 2726 1006 2770; x_wconf 91' lang='lat' dir='ltr'><strong>I.</strong></span> <span class='ocrx_word' id='word_1_304' title='bbox 1038 2727 1109 2782; x_wconf 90' lang='lat'><strong>30,</strong></span> <span class='ocrx_word' id='word_1_305' title='bbox 1144 2728 1164 2769; x_wconf 93' lang='lat'>1</span> <span class='ocrx_word' id='word_1_306' title='bbox 1212 2725 1344 2782; x_wconf 89' lang='lat' dir='ltr'><strong>„huic</strong></span> <span class='ocrx_word' id='word_1_307' title='bbox 1372 2731 1506 2785; x_wconf 90' lang='lat' dir='ltr'><strong>pater</strong></span> <span class='ocrx_word' id='word_1_308' title='bbox 1533 2726 1779 2771; x_wconf 86' lang='lat' dir='ltr'><strong>Elchana“.</strong></span> 
     </span>
     <span class='ocr_line' id='line_1_35' title="bbox 189 2803 1779 2864; baseline 0.001 -17"><span class='ocrx_word' id='word_1_309' title='bbox 189 2803 290 2848; x_wconf 89' lang='lat' dir='ltr'><strong>Chr.</strong></span> <span class='ocrx_word' id='word_1_310' title='bbox 322 2803 378 2848; x_wconf 88' lang='lat' dir='ltr'><strong>H.</strong></span> <span class='ocrx_word' id='word_1_311' title='bbox 409 2805 480 2861; x_wconf 87' lang='lat'><strong>48,</strong></span> <span class='ocrx_word' id='word_1_312' title='bbox 512 2805 539 2848; x_wconf 91' lang='lat'>2</span> <span class='ocrx_word' id='word_1_313' title='bbox 568 2803 676 2861; x_wconf 90' lang='lat' dir='ltr'><strong>„sed</strong></span> <span class='ocrx_word' id='word_1_314' title='bbox 704 2803 795 2848; x_wconf 86' lang='lat' dir='ltr'><strong>iter</strong></span> <span class='ocrx_word' id='word_1_315' title='bbox 824 2804 889 2848; x_wconf 89' lang='lat' dir='ltr'><strong>eis</strong></span> <span class='ocrx_word' id='word_1_316' title='bbox 919 2808 1106 2864; x_wconf 87' lang='lat' dir='ltr'><strong>praeter</strong></span> <span class='ocrx_word' id='word_1_317' title='bbox 1134 2803 1404 2849; x_wconf 86' lang='lat' dir='ltr'><strong>interiorem</strong></span> <span class='ocrx_word' id='word_1_318' title='bbox 1431 2803 1779 2863; x_wconf 88' lang='lat' dir='ltr'><strong>Aquitaniam“.</strong></span> 
     </span>
     <span class='ocr_line' id='line_1_36' title="bbox 186 2881 1776 2939; baseline 0.001 -14"><span class='ocrx_word' id='word_1_319' title='bbox 186 2881 242 2931; x_wconf 87' lang='lat' dir='ltr'><strong>E.</strong></span> <span class='ocrx_word' id='word_1_320' title='bbox 274 2882 307 2926; x_wconf 86' lang='lat' dir='ltr'><strong>I.</strong></span> <span class='ocrx_word' id='word_1_321' title='bbox 344 2884 399 2926; x_wconf 88' lang='lat'><strong>14</strong></span> <span class='ocrx_word' id='word_1_322' title='bbox 441 2882 625 2939; x_wconf 88' lang='lat' dir='ltr'><strong>„verbis</strong></span> <span class='ocrx_word' id='word_1_323' title='bbox 670 2883 783 2926; x_wconf 83' lang='lat' dir='ltr'><strong>meis</strong></span> <span class='ocrx_word' id='word_1_324' title='bbox 812 2882 1044 2928; x_wconf 89' lang='lat' dir='ltr'><strong>Dominus</strong></span> <span class='ocrx_word' id='word_1_325' title='bbox 1090 2886 1160 2926; x_wconf 88' lang='lat' dir='ltr'><strong>est</strong></span> <span class='ocrx_word' id='word_1_326' title='bbox 1195 2881 1368 2927; x_wconf 86' lang='lat' dir='ltr'><strong>testis‘·.</strong></span> <span class='ocrx_word' id='word_1_327' title='bbox 1434 2882 1514 2927; x_wconf 91' lang='lat' dir='ltr'><strong>cfr.</strong></span> <span class='ocrx_word' id='word_1_328' title='bbox 1543 2882 1649 2927; x_wconf 84' lang='lat' dir='ltr'><strong>Sall.</strong></span> <span class='ocrx_word' id='word_1_329' title='bbox 1680 2881 1776 2927; x_wconf 84' lang='lat' dir='ltr'><strong>Cat.</strong></span> 
     </span>
    </p>
   </div>
  </div>
 </body>
</html>
