1961 3279
840 98 1137 145 ...39-

931 304 1039 380 Π.

539 448 648 517 De
701 448 1026 518 orationis
1077 449 1427 519 brevitate.

340 621 574 681 Sulpicius
606 621 810 667 Severus
839 617 890 666 in
911 622 1058 668 rebus
1074 620 1360 668 ¹enarrandis
1391 622 1440 668 id
1466 636 1647 668 summo
1674 627 1781 673 ‚stu-

197 699 275 743 dio
322 704 521 759 spectat,
559 704 623 744 ut
668 700 950 744 brevitatem
996 699 1232 759 quandam
1279 706 1564 759 assequatur.
1625 701 1781 745 Huius

197 777 419 822 orationis
449 777 675 822 brevitati
706 777 1074 822 iam-Sallustius
1102 777 1461 837 diligentissime
1491 778 1777 834 studebatz')

197 855 247 898 in
278 855 603 900 enumerandis
632 855 875 900 vocabulis
920 870 1058 915 saepe
1104 855 1454 901 coniunctiones
1485 856 1677 912 omittit,
1725 853 1780 900 u't

197 931 459 991 asyndeton
490 933 685 991 existat,
730 948 869 993 saepe
899 933 1072 977 desunt
1102 933 1259 990 verba,
1306 949 1426 991 quae
1458 949 1516 978 ex
1545 934 1616 991 iis,
1661 945 1781 993 quae

197 1008 493 1067 antecedunt,
524 1009 737 1055 addenda
766 1014 897 1067 sunt;
940 1024 1149 1069 zeugma,
1196 1009 1321 1069 quod
1358 1010 1551 1068 dicitur,
1598 1027 1781 1057 summa

197 1087 391 1132 audacia
437 1088 698 1132 adhibetur.
760 1088 952 1132 Tacitus
984 1088 1261 1132 Sallustium
1291 1093 1479 1132 secutus
1508 1094 1582 1133 est
1612 1090 1664 1133 in
1695 1090 1782 1134 hac

197 1166 444 1223 brevitate,
494 1166 625 1210 cuius
666 1151 1026 1226 „proprietatem
1072 1166 1272 1213 maxime
1301 1167 1430 1211 cerni
1475 1166 1525 1210 in
1557 1167 1782 1212 orationis

197 1242 382 1288 concisa
425 1242 688 1289 brevitate“
723 1242 989 1287 Boetticher
1033 1243 1084 1286 in
1115 1243 1201 1287 lex.
1233 1243 1340 1287 Tac.
1372 1258 1457 1287 suo
1501 1244 1604 1288 iure
1641 1244 1780 1301 dicit;

198 1337 350 1380 neque
379 1336 408 1366 a
434 1321 565 1366 Livii
599 1320 870 1365 ‘elocutione
915 1320 1004 1364 hoc
1041 1320 1289 1366 brevitatis
1336 1320 1545 1366 studium
1587 1333 1780 1382 prorsus

157 1459 160 1461 q
199 1400 400 1444 alienum
431 1405 513 1445 est.

342 1478 414 1522 De
436 1477 674 1535 frequenti
696 1477 850 1536 eliipsi
869 1476 1003 1521 verbi
1030 1477 1322 1521 ‘substantivi
1351 1476 1446 1521 iam
1466 1473 1651 1521 locutus
1677 1492 1780 1522 sum

197 1570 301 1615 pag.
337 1556 392 1599 15
407 1570 507 1614 sqq.

340 1632 418 1678 Ad
456 1632 739 1678 brevitatem
785 1637 967 1699 spectat
1005 1631 1276 1692 asyndeton
1307 1646 1335 1677 a
1366 1633 1573 1691 Sulpicio
1604 1633 1778 1678 Severo

197 1710 463 1771 saepissime
508 1714 809 1770 usurpatum3
855 1710 936 1755 sed
977 1724 1077 1756 non
1118 1714 1201 1767 est,
1250 1722 1332 1755 cur
1378 1710 1592 1770 pluribus
1622 1711 1779 1756 verbis

196 1789 422 1834 disseram
453 1789 511 1833 de
537 1789 629 1833 ‘'h'ac
657 1804 720 1846 re,
762 1789 888 1847 quod
920 1790 1182 1846 Sallustius,
1222 1789 1404 1846 Livius,
1437 1789 1641 1846 Tacitus,
1673 1790 1778 1834 Sul-

194 1867 347 1928 picius
378 1866 580 1912 Severus
610 1866 661 1912 in
691 1867 964 1912 universum
995 1882 1024 1912 a
1047 1870 1313 1912 ‘ceterorum
1361 1867 1639 1927 scriptorum
1670 1880 1778 1913 con-

197 1945 446 1990 suetudine
475 1959 571 1988 non
598 1944 837 1989 recedunt.
883 1945 1043 1990 Unum
1075 1944 1526 1989 commemorandum
1557 1949 1641 2000 est,
1665 1940 1778 1989 'Sul-

196 2022 371 2083 picium
402 2021 629 2067 Severum
660 2021 803 2067 semel
833 2021 1096 2081 asyndeton
1125 2022 1473 2079 summativum,
1508 2020 1635 2081 quod
1665 2021 1778 2067 dici-

198 2107 288 2158 tur,
319 2101 389 2145 ita
407 2115 644 2160 usurpare,
675 2106 730 2145 ut
754 2115 848 2146 vox
880 2100 1093 2159 „omnes“
1117 2101 1168 2144 in
1191 2106 1404 2145 ‘extremo
1427 2101 1672 2145 enuntiato
1696 2115 1778 2159 po-

197 2180 289 2223 sita
318 2179 399 2235 sit,
446 2179 529 2237 qui
558 2193 672 2224 usus
702 2194 731 2224 a
760 2179 999 2224 Ciceronis
1046 2184 1095 2224 et
1126 2179 1336 2224 Caesaris
1381 2193 1552 2237 genere
1597 2174 1781 2223 dicendi

198 2257 376 2302 alienus
397 2272 425 2301 a
445 2257 679 2313 Sallustio,
703 2257 855 2313 Livio,
879 2257 1042 2302 Tacito
1068 2257 1259 2316 ‘saepius
1288 2260 1543 2315 usurpatus
1574 2260 1645 2300 est
1678 2254 1778 2310 (οᾶ.

197 2336 420 2393 Draeger,
450 2350 484 2379 s.
506 2334 552 2380 h.
583 2336 645 2379 H.
675 2350 780 2394 pag.
803 2337 924 2390 206).
986 2335 1093 2380 Chr.
1125 2336 1158 2378 Ι.
1191 2336 1261 2391 23,
1292 2335 1322 2378 5
1356 2334 1568 2392 „inhiant
1598 2347 1778 2392 posses-

197 2412 418 2471 sionibuS,
448 2412 642 2473 praedia
671 2412 902 2470 excolunt,
934 2426 1048 2458 auro
1078 2412 1317 2468 incubant,
1349 2415 1513 2456 emunt
1543 2409 1777 2455 vendunt-

197 2506 310 2550 que:
339 2491 559 2550 ·quaes'tui
589 2503 675 2551 per
700 2491 861 2536 ⁴omnia
890 2489 1125 2536 student“.
1167 2489 1278 2535 Sall.
1308 2490 1417 2547 Jug.
1450 2489 1520 2545 85,
1551 2490 1581 2532 4
1614 2492 1779 2547 „vetus

197 2569 430 2625 nobilitas,
476 2569 703 2614 maiorum
749 2569 893 2613 fortia
936 2567 1074 2624 facta,
1121 2560 1428 2625 cognatorum
1474 2571 1523 2611 et
1565 2563 1779 2610 affinium

197 2662 322 2707 opeS,
354 2647 529 2692 multae
550 2644 807 2703 clientelae,
838 2646 996 2691 omnia
1024 2645 1140 2691 haec
1169 2643 1402 2705 praesidio
1424 2641 1638 2690 adsunt“.
1673 2643 1778 2689 Liv.

198 2727 239 2782 9,
271 2727 312 2782 3,
344 2726 373 2768 3
407 2725 601 2783 „armati
632 2725 844 2781 inermes,
876 2724 1022 2767 fortes
1051 2724 1226 2782 ignavi,
1245 2723 1433 2785 ,pariter
1459 2729 1623 2766 ‘omnes
1655 2723 1780 2784 capti

343 2892 381 2940 ι)
406 2893 571 2934 nureo}
594 2892 622 2931 1.
647 2892 673 2931 1.
698 2897 783 2944 pag.
809 2892 868 2933 24.
