1961 3279
824 93 1003 140 ...24
1066 119 1121 127 -

175 237 275 269 rem
307 223 468 284 paucis
490 226 740 269 contentus
774 238 866 269 ero.
901 223 1007 270 Chr.
1035 224 1079 270 Ἰ.
1119 225 1184 283 18,
1217 226 1244 271 8
1281 222 1531 285 „coitiones
1563 222 1613 269 in
1634 221 1766 269 testi-

175 302 384 345 monium
406 302 577 345 falsum
599 307 682 346 aut
698 303 748 345 in
769 316 1095 359 quamcunque
1116 303 1345 347 malitiam
1366 318 1467 348 esse
1488 302 1765 347 faciendas“.

176 378 285 424 Chr.
319 379 380 424 11.
416 380 486 436 39,
524 380 541 423 1
583 378 693 437 „qui
724 379 774 423 in
807 378 1158 424 damnationem
1178 378 1426 426 Athanasii
1452 395 1548 425 non
1568 380 1767 424 subseri-

175 456 385 499 berent“.
450 455 507 499 D.
549 455 585 498 I.
640 457 707 511 19,
761 456 789 499 5
840 456 1003 513 „quasi
1054 456 1104 499 in
1157 456 1479 501 testimonium
1531 458 1764 500 manens.“

178 533 236 577 D.
272 533 357 577 ΠΙ.
396 535 462 588 10,
496 533 524 577 5
559 548 702 590 „quas
734 532 814 591 (sc.
846 534 1070 589 virtutes)
1104 534 1155 577 in
1186 535 1448 593 exemplum
1482 534 1655 578 sanctis
1674 533 1769 577 suis
1824 575 1829 580 .

97 650 101 652 .
177 608 351 654 dedit.“
393 609 476 654 cfr.
521 609 627 655 Liv.
678 611 747 667 28,
793 611 869 667 28,
919 611 947 654 2
981 610 1213 669 „Regium
1245 610 1483 670 quondam
1513 610 1564 655 in
1595 610 1768 671 praesi-

180 688 310 732 dium
342 688 485 731 missa
512 688 678 745 legio.“
744 688 852 732 Tac.
887 702 994 731 ann.
1029 689 1069 743 3,
1103 689 1162 732 56
1197 688 1275 743 „in
1305 687 1476 732 falsum
1507 690 1686 732 aucta“.

323 764 402 809 Ad
433 769 608 809 terram
640 765 719 810 vel
749 765 925 821 urbem,
972 764 1098 809 unde
1139 765 1245 823 quis
1288 769 1372 821 est,
1405 764 1769 823 significandam,

178 842 348 886 Livius
396 856 536 901 saepe
585 843 666 897 „a“
707 841 1101 902 praepositionem
1133 844 1237 886 cum
1270 842 1477 888 ablativo
1510 847 1663 887 terrae
1693 842 1771 888 vel

178 919 310 963 urbis
357 919 564 975 adhibet,
613 934 720 963 cum
753 920 893 963 ceteri
938 920 1188 978 scriptores
1218 920 1423 964 Romani
1454 919 1686 964 adiectiva
1715 920 1771 964 ab

177 996 272 1040 illis
304 996 616 1041 substantivis
650 995 865 1041 derivata
896 996 1242 1056 usurpaverint.
1306 997 1445 1042 Hunc
1474 1012 1610 1042 usum
1641 997 1772 1042 Livi-

183 1088 326 1117 anum
358 1073 564 1129 Tacitus,
609 1078 840 1131 quantum
888 1073 1041 1130 video,
1089 1074 1244 1129 semel,
1292 1074 1526 1133 Sulpicius
1572 1074 1773 1118 Severus

181 1151 364 1209 saepius
409 1150 623 1194 imitatus
670 1155 753 1195 est.
788 1150 870 1195 cfr.
918 1151 980 1195 Π.
1026 1152 1096 1207 39,
1129 1153 1158 1195 4
1194 1150 1409 1206 „Lucifer
1439 1166 1467 1194 a
1497 1150 1676 1195 Garali“
1710 1150 1772 1193 H.

179 1228 252 1283 42,
285 1229 313 1271 6
348 1226 632 1286 „Gregorius
664 1227 722 1271 ab
754 1226 1081 1279 Alexandria&
1115 1227 1177 1271 II.
1211 1229 1283 1283 40,
1316 1228 1344 1272 5
1395 1226 1559 1283 „Osius
1598 1227 1656 1271 ab
1687 1227 1773 1270 Hi-

180 1304 387 1363 spania“.
421 1304 482 1347 H.
518 1305 589 1359 38,
622 1305 651 1348 3
686 1320 740 1359 „a
771 1304 1033 1362 Singiduno
1065 1305 1295 1360 Ursatius,
1338 1305 1510 1349 Valens
1543 1319 1570 1348 a
1601 1304 1773 1359 Mursa,

184 1415 374 1425 .....
408 1380 605 1425 Acatius
636 1396 665 1424 a
695 1381 933 1438 Caesarea,
965 1381 1208 1425 Narcissus
1241 1397 1268 1425 a
1313 1381 1598 1440 Neronopoli
1630 1415 1639 1424 .
1666 1415 1675 1424 .
1700 1415 1709 1424 .
1734 1382 1771 1424 .“

135 1492 139 1495 ψ
182 1458 266 1503 cfr.
299 1458 404 1503 Liv.
442 1461 479 1515 1,
512 1460 583 1514 50,
616 1460 644 1502 3
680 1459 895 1514 „Turnus
940 1458 1207 1503 Herdonius
1238 1459 1296 1503 ab
1329 1459 1520 1503 Oricia“.
1586 1458 1774 1503 Tacitus

183 1550 289 1579 ann.
325 1537 365 1592 2,
398 1536 455 1579 47
493 1535 764 1594 „Magnetes
795 1549 822 1579 a
854 1534 1063 1595 Sipy10“.
1286 1519 1295 1525 ⁸

902 1872 1058 1943 ΠΙ.

354 2016 458 2084 De
512 2016 1017 2083 enuntiatorum
1071 2015 1606 2083 coordinatione.

535 2220 625 2270 De
663 2219 991 2284 particulis
1036 2219 1427 2283 copulatiViS.

332 2348 383 2391 Si
415 2347 508 2391 tria
538 2347 768 2391 vocabula
805 2352 1157 2402 enumerantur,
1206 2361 1233 2390 a
1263 2346 1567 2405 scriptoribus
1604 2348 1777 2390 Roma-

185 2426 259 2469 nis
292 2424 481 2483 singula
511 2424 721 2469 membra
743 2428 825 2468 aut
847 2424 1089 2483 particulis
1113 2423 1393 2483 copulativis
1415 2413 1776 2482 coniunguntur,

186 2508 269 2548 aut
301 2501 546 2563 particulis
578 2501 760 2546 omissis
783 2501 883 2547 sine
905 2501 1236 2546 coniunctione
1257 2506 1602 2558 enumerantur,
1636 2506 1778 2560 atque

186 2580 423 2625 rarissime
467 2580 611 2633 tertio
658 2583 848 2623 tantum
894 2579 1125 2638 particula
1175 2580 1274 2634 „et“
1325 2578 1527 2623 additur.
1591 2579 1693 2623 Hoc
1738 2579 1778 2622 si

186 2657 312 2718 apud
344 2657 616 2702 Ciceronem
663 2660 712 2700 et
757 2656 1006 2715 plerosque
1053 2660 1231 2700 ceteros
1262 2656 1510 2715 scriptores
1541 2655 1778 2700 interdum

187 2726 378 2793 legitur,
411 2748 593 2792 semper
625 2732 723 2777 fere
753 2733 948 2777 tertium
979 2732 1238 2777 membrum
1261 2733 1483 2778 maiorem
1504 2734 1601 2777 vim
1622 2733 1777 2789 habet,

188 2826 331 2871 quam
365 2811 458 2855 duo
491 2810 817 2854 antecedentia
848 2810 950 2868 (cfr.
984 2810 1206 2868 Draeger,
1238 2825 1272 2853 S.
1306 2810 1349 2854 h.
1384 2811 1445 2854 H.
1484 2825 1589 2870 pag.
1624 2811 1651 2854 3
1673 2813 1776 2868 sq.).

187 2889 264 2937 Ab
296 2888 386 2938 hoc
417 2904 505 2933 usu
537 2889 631 2933 iam
663 2887 913 2934 Sallustius
944 2887 1139 2944 recedit;
1185 2888 1280 2932 late
1324 2892 1457 2952 patet
1502 2886 1592 2932 hoc
1631 2901 1779 2947 genus
1860 2885 1867 2891 ’
