1961 3279
837 111 1111 155 -8-

324 241 548 288 Dativus:
595 241 726 286 falsis
766 242 872 287 Chr.
903 243 958 287 11.
996 244 1062 299 14,
1114 244 1150 287 7.
1183 242 1444 288 criminosis
1474 242 1579 287 Chr.
1610 242 1666 287 H.
1698 244 1769 299 37,

180 320 220 364 5.
253 319 445 364 incertis
476 319 537 363 M.
576 322 640 376 11,
675 322 714 364 2.
748 346 803 352 -
835 320 982 378 gestis
1031 320 1136 365 Chr.
1168 322 1202 365 L
1238 323 1274 377 1,
1307 322 1347 365 2.
1395 320 1536 365 dictis
1563 320 1624 365 M.
1661 322 1697 377 1,
1725 312 1770 365 9.

180 395 263 441 cfr.
295 396 406 441 Sall.
448 397 549 441 Cat.
585 398 652 453 17,
685 398 713 442 6
744 397 919 457 ineptis
951 396 1125 443 favere.
1168 398 1273 444 Liv.
1311 399 1380 454 23,
1416 399 1483 453 14,
1517 399 1545 441 3
1575 397 1772 443 honesta

179 473 378 520 utilibus
410 473 595 519 cedunt.
628 474 736 520 Tac.
768 490 872 520 ann.
905 477 945 532 2,
979 476 1035 520 27
1069 474 1255 522 facilem
1286 475 1513 521 inanibus.

328 552 602 597 Ablativus:
649 553 815 598 mediis
863 553 970 598 Chr.
1002 555 1034 598 Ι.
1067 556 1108 610 4,
1143 556 1181 599 7.
1216 548 1272 598 in¹
1297 553 1608 599 saecularibus
1665 553 1772 598 Chr.

181 630 238 673 H.
275 631 342 686 14,
373 631 414 673 4.
445 629 701 674 immundis
733 630 839 675 Chr.
869 631 903 675 I.
937 633 1014 687 27,
1054 633 1092 675 2.
1130 631 1188 675 de
1219 631 1536 691 superioribus
1580 630 1687 675 Chr.
1718 631 1772 673 H.

187 708 255 763 16,
287 706 328 751 5.
362 707 413 751 in
444 707 779 752 excellentibus
810 708 871 752 M.
922 710 989 766 19,
1042 709 1082 754 5.
1134 724 1240 754 cum
1290 708 1449 769 pravis
1493 708 1550 752 D.
1595 709 1628 752 Ι.
1661 710 1701 765 6,
1733 710 1773 753 3.

185 785 399 829 maximis
429 786 486 829 D.
518 787 574 829 ΙΙ.
606 787 647 842 5,
680 788 719 829 3.
753 811 809 818 —
847 787 904 830 de
934 786 1120 843 futuris,
1167 787 1225 831 de
1269 786 1540 846 praeteritis
1581 786 1687 830 Chr.
1718 787 1773 829 II.

184 863 225 919 3,
258 864 298 908 8.
330 863 523 909 obiectis
554 863 615 909 M.
648 865 718 921 22,
751 866 790 909 2.
822 864 905 910 cfr.
936 865 1040 910 Liv.
1073 867 1143 922 26,
1181 867 1246 922 12,
1285 867 1335 909 17
1364 864 1608 910 convictus
1638 864 1774 911 veris,

187 941 295 985 Tac.
328 956 434 986 ann.
465 944 506 998 4,
539 942 597 986 58
630 942 851 987 obscuris
913 942 1056 1004 Apud
1088 943 1364 988 Sallustium
1395 943 1445 987 in
1475 941 1695 1001 genetivo
1727 945 1775 986 et

186 1018 348 1065 dativo
380 1020 574 1079 pluralis
617 1021 831 1065 neutrius
862 1022 1051 1079 generis
1084 1021 1316 1066 adiectiva
1347 1036 1432 1080 pro
1465 1020 1776 1065 substantivis

187 1097 343 1158 posita
372 1111 464 1141 non
500 1097 820 1142 inveniuntur.
1293 1089 1297 1093 ’

332 1176 405 1219 De
456 1190 545 1219 usu
597 1175 888 1233 singulorum
940 1176 1280 1221 adiectivorum
1323 1175 1777 1220 commemorandum

189 1257 278 1309 est,
331 1252 592 1312 Sulpicium
639 1252 866 1298 Severum
914 1253 1148 1299 adiectiva
1191 1254 1242 1297 in
1274 1279 1330 1285 —
1369 1256 1527 1310 „osus“
1560 1254 1794 1298 exeuntia·

187 1345 368 1375 summo
415 1330 572 1374 studio
605 1332 916 1390 usurpavisse,
964 1347 1056 1389 qua
1101 1332 1153 1375 in
1184 1346 1235 1375 re
1267 1332 1479 1391 exemplo
1511 1331 1555 1375 ei
1585 1330 1777 1375 fuerunt

192 1408 444 1453 Sallustius
492 1413 541 1452 et
572 1408 739 1453 Livius
773 1408 873 1463 (cfr.
905 1409 1159 1453 Brfinnert:
1207 1410 1299 1465 „De
1350 1409 1573 1453 Sallustio
1624 1409 1776 1453 imita-

189 1491 293 1531 tore
340 1486 533 1531 Catonis
581 1486 831 1531 Sisennae“
876 1503 919 1546 p.
951 1488 1021 1531 46.
1054 1492 1101 1531 et
1138 1486 1358 1531 Kfihnast
1388 1487 1417 1530 1.
1448 1486 1476 1530 l.
1507 1502 1612 1546 pag.
1645 1487 1778 1542 339.)‚

189 1566 385 1609 Praeter
416 1579 481 1621 ea,
515 1580 634 1623 quae
666 1564 790 1624 apud
813 1579 973 1609 omnes
995 1564 1244 1624 scriptores
1266 1564 1379 1608 satis
1401 1579 1537 1624 saepe
1557 1564 1781 1622 leguntur

191 1642 499 1702 (ambitiosus,
548 1643 837 1699 criminosuS,
884 1642 1174 1696 fructuosus,
1220 1642 1462 1700 gloriosuS,
1509 1641 1780 1697 invidiosus,

190 1721 498 1782 periculosus,
544 1721 811 1780 religiosus,
859 1720 1113 1776 studiosus,
1167 1721 1416 1780 speciosus,
1468 1724 1780 1778 sumptuosus,

190 1799 401 1855 vitiosuS,
433 1800 655 1855 curiosus,
701 1797 954 1853 fabulosuS,
1001 1798 1238 1854 verbosus,
1286 1798 1510 1857 copiosus,
1543 1797 1780 1841 calamito-

192 1893 282 1933 suS,
314 1877 614 1935 perniciosus,
637 1880 956 1933 quaestuosus,
990 1875 1359 1933 superstitiosus)
1392 1875 1443 1917 in
1474 1874 1669 1932 Sulpicii
1700 1873 1782 1917 Se-

194 1954 295 2000 veri
327 1954 460 1999 libris
492 1953 551 1999 ad
583 1952 869 2008 Sallustium,
909 1951 1113 2008 Livium,
1163 1951 1380 1996 Tacitum
1411 1956 1626 2011 spectant
1658 1952 1782 1995 haec.

194 2059 249 2064 —
284 2034 588 2091 contragosus
634 2030 696 2075 M.
733 2031 799 2087 19,
847 2031 887 2074 4.
933 2029 1038 2074 Liv.
1087 2029 1127 2086 5,
1175 2029 1245 2086 26,
1287 2030 1327 2073 5.
1361 2055 1416 2060 —
1455 2028 1784 2074 formidulosus

194 2111 301 2157 Chr.
333 2111 366 2154 I.
399 2111 471 2166 20,
506 2111 544 2153 7.
577 2109 686 2153 Sall.
719 2108 819 2152 Cat.
855 2109 892 2163 7,
926 2109 965 2151 2.
998 2107 1102 2152 Liv.
1135 2109 1174 2163 8,
1209 2109 1248 2163 8,
1286 2109 1351 2151 13.
1384 2108 1491 2151 Tac.
1523 2107 1631 2151 hist.
1668 2109 1710 2162 1,
1744 2108 1783 2150 6.

195 2214 251 2220 —
285 2187 508 2232 factiosus
555 2186 662 2231 Chr.
708 2186 764 2229 ΙΙ.
796 2187 868 2241 40,
901 2187 941 2229 4.
989 2184 1098 2229 Sall.
1130 2185 1230 2229 Cat.
1266 2185 1332 2241 18,
1363 2186 1404 2228 4.
1437 2211 1492 2216 —
1525 2184 1784 2229 incuriosus

194 2266 303 2312 Chr.
334 2267 367 2310 I.
400 2266 470 2322 29,
504 2266 544 2309 9.
590 2265 662 2320 40,
696 2266 735 2308 2.
782 2263 888 2308 Chr.
920 2263 975 2307 H.
1008 2263 1079 2319 45,
1112 2264 1151 2307 2.
1198 2263 1306 2307 Sall.
1352 2261 1460 2307 hist.
1492 2264 1533 2319 4,
1566 2262 1635 2306 65.
1680 2261 1784 2306 Liv.

195 2346 266 2401 29,
299 2346 339 2401 3,
373 2344 413 2388 8.
445 2343 553 2388 Tac.
585 2356 689 2387 ann.
722 2342 762 2398 6,
798 2343 865 2385 17.

340 2423 534 2467 Praeter
586 2436 652 2477 ea,
703 2435 824 2478 quae
870 2420 1041 2476 attulli,
1094 2417 1218 2478 apud
1270 2418 1530 2479 Sulpicium
1560 2418 1786 2463 Severum

194 2501 388 2559 legitur:
421 2498 776 2559 compendiosus
807 2497 913 2543 Chr.
945 2498 978 2541 I.
1015 2499 1051 2553 1,
1089 2499 1125 2553 1,
1158 2496 1284 2555 quod
1315 2496 1505 2541 omnino
1526 2511 1630 2541 raro
1652 2511 1785 2540 usur-

196 2584 375 2641 patum,
408 2593 436 2622 a
467 2576 706 2634 Sallustio,
739 2576 890 2633 Livio,
938 2575 1121 2632 Tacito,
1156 2579 1385 2634 quantum
1415 2574 1564 2632 video,
1596 2589 1786 2634 prorsus

195 2658 403 2703 alienum
435 2661 518 2700 est.

342 2733 585 2794 „Inquies“
632 2733 916 2780 adiectivum
963 2747 1048 2793 pro
1095 2748 1209 2779 voce
1271 2731 1562 2792 „inquietus“
1615 2731 1788 2790 legitur

197 2815 328 2874 Sulp.
377 2814 484 2858 Sev.
517 2812 624 2857 Chr.
655 2812 712 2856 H.
755 2814 827 2868 46,
861 2813 900 2856 3.
948 2812 1102 2856 Krebs
1137 2811 1316 2866 (Antib.
1347 2826 1451 2871 pag.
1483 2811 1591 2865 599)
1625 2824 1787 2855 vocem

196 2891 434 2953 „inquies“
480 2890 680 2954 priscam
726 2904 826 2935 esse
874 2888 1001 2946 dicit,
1049 2904 1189 2948 quam
1236 2888 1498 2946 Sallustius,
1530 2888 1789 2953 priscorum
