<?xml version="1.0" encoding="UTF-8"?>
<!DOCTYPE html PUBLIC "-//W3C//DTD XHTML 1.0 Transitional//EN"
    "http://www.w3.org/TR/xhtml1/DTD/xhtml1-transitional.dtd">
<html xmlns="http://www.w3.org/1999/xhtml" xml:lang="en" lang="en">
 <head>
  <title>
</title>
<meta http-equiv="Content-Type" content="text/html;charset=utf-8" />
  <meta name='ocr-system' content='tesseract 3.04.00' />
  <meta name='ocr-capabilities' content='ocr_page ocr_carea ocr_par ocr_line ocrx_word'/>
</head>
<body>
  <div class='ocr_page' id='page_1' title='image "4738120_0040.png"; bbox 0 0 1961 3279; ppageno 0'>
   <div class='ocr_carea' id='block_1_1' title="bbox 820 106 1117 152">
    <p class='ocr_par' dir='ltr' id='par_1_1' title="bbox 820 106 1117 152">
     <span class='ocr_line' id='line_1_1' title="bbox 820 106 1117 152; baseline 0.007 -14"><span class='ocrx_word' id='word_1_1' title='bbox 820 106 1117 152; x_wconf 77' lang='lat'><strong>...28-</strong></span> 
     </span>
    </p>
   </div>
   <div class='ocr_carea' id='block_1_2' title="bbox 320 449 1614 524">
    <p class='ocr_par' dir='ltr' id='par_1_2' title="bbox 320 449 1614 524">
     <span class='ocr_line' id='line_1_2' title="bbox 320 449 1614 524; baseline 0.004 -6"><span class='ocrx_word' id='word_1_2' title='bbox 320 449 425 519; x_wconf 91' lang='lat' dir='ltr'><strong>De</strong></span> <span class='ocrx_word' id='word_1_3' title='bbox 479 450 984 520; x_wconf 84' lang='lat' dir='ltr'><strong>enuntiatorum</strong></span> <span class='ocrx_word' id='word_1_4' title='bbox 1035 450 1614 524; x_wconf 78' lang='lat' dir='ltr'>subordinatione.</span> 
     </span>
    </p>
   </div>
   <div class='ocr_carea' id='block_1_3' title="bbox 496 656 1442 710">
    <p class='ocr_par' dir='ltr' id='par_1_3' title="bbox 496 656 1442 710">
     <span class='ocr_line' id='line_1_3' title="bbox 496 656 1442 710; baseline 0.003 -4"><span class='ocrx_word' id='word_1_5' title='bbox 496 656 586 706; x_wconf 88' lang='lat' dir='ltr'><strong>De</strong></span> <span class='ocrx_word' id='word_1_6' title='bbox 625 658 972 708; x_wconf 84' lang='lat' dir='ltr'><strong>enuntiatis</strong></span> <span class='ocrx_word' id='word_1_7' title='bbox 1011 658 1442 710; x_wconf 72' lang='lat' dir='ltr'><strong>substantivis,</strong></span> 
     </span>
    </p>
   </div>
   <div class='ocr_carea' id='block_1_4' title="bbox 171 771 1772 2931">
    <p class='ocr_par' dir='ltr' id='par_1_4' title="bbox 173 771 1762 922">
     <span class='ocr_line' id='line_1_4' title="bbox 317 771 1762 845; baseline 0.005 -20"><span class='ocrx_word' id='word_1_8' title='bbox 317 782 612 828; x_wconf 87' lang='lat' dir='ltr'><strong>Infinitivum</strong></span> <span class='ocrx_word' id='word_1_9' title='bbox 644 788 809 828; x_wconf 89' lang='lat' dir='ltr'><strong>contra</strong></span> <span class='ocrx_word' id='word_1_10' title='bbox 854 783 1040 828; x_wconf 88' lang='lat' dir='ltr'><strong>dicendi</strong></span> <span class='ocrx_word' id='word_1_11' title='bbox 1086 799 1263 829; x_wconf 87' lang='lat' dir='ltr'><strong>morem</strong></span> <span class='ocrx_word' id='word_1_12' title='bbox 1294 785 1530 845; x_wconf 85' lang='lat' dir='ltr'><strong>Sulpicius</strong></span> <span class='ocrx_word' id='word_1_13' title='bbox 1562 771 1762 832; x_wconf 89' lang='lat' dir='ltr'><strong>Severus</strong></span> 
     </span>
     <span class='ocr_line' id='line_1_5' title="bbox 173 859 1762 922; baseline 0.003 -20"><span class='ocrx_word' id='word_1_14' title='bbox 173 859 462 915; x_wconf 72' lang='lat' dir='ltr'><strong>Sallustium,</strong></span> <span class='ocrx_word' id='word_1_15' title='bbox 483 860 689 917; x_wconf 88' lang='lat' dir='ltr'><strong>Livium,</strong></span> <span class='ocrx_word' id='word_1_16' title='bbox 712 860 940 916; x_wconf 87' lang='lat' dir='ltr'><strong>Tacitum,</strong></span> <span class='ocrx_word' id='word_1_17' title='bbox 962 865 1148 906; x_wconf 89' lang='lat' dir='ltr'><strong>secutus</strong></span> <span class='ocrx_word' id='word_1_18' title='bbox 1165 876 1272 905; x_wconf 91' lang='lat' dir='ltr'><strong>cum</strong></span> <span class='ocrx_word' id='word_1_19' title='bbox 1297 860 1372 905; x_wconf 82' lang='lat' dir='ltr'><strong>his</strong></span> <span class='ocrx_word' id='word_1_20' title='bbox 1403 863 1561 907; x_wconf 87' lang='lat' dir='ltr'><strong>verbis</strong></span> <span class='ocrx_word' id='word_1_21' title='bbox 1591 864 1762 922; x_wconf 88' lang='lat' dir='ltr'><strong>iungit:</strong></span> 
     </span>
    </p>

    <p class='ocr_par' dir='ltr' id='par_1_5' title="bbox 172 936 1766 1306">
     <span class='ocr_line' id='line_1_6' title="bbox 321 936 1764 998; baseline 0.003 -18"><span class='ocrx_word' id='word_1_22' title='bbox 321 936 600 991; x_wconf 85' lang='lat' dir='ltr'><strong>„abnuere“:</strong></span> <span class='ocrx_word' id='word_1_23' title='bbox 648 937 754 981; x_wconf 86' lang='lat' dir='ltr'>Chr.</span> <span class='ocrx_word' id='word_1_24' title='bbox 786 938 820 982; x_wconf 91' lang='lat' dir='ltr'><strong>I.</strong></span> <span class='ocrx_word' id='word_1_25' title='bbox 852 939 921 994; x_wconf 87' lang='lat'><strong>33,</strong></span> <span class='ocrx_word' id='word_1_26' title='bbox 971 940 999 982; x_wconf 81' lang='lat'><em>2</em></span> <span class='ocrx_word' id='word_1_27' title='bbox 1045 954 1233 997; x_wconf 88' lang='lat' dir='ltr'><strong>„parere</strong></span> <span class='ocrx_word' id='word_1_28' title='bbox 1277 938 1474 998; x_wconf 81' lang='lat' dir='ltr'><strong>imperio</strong></span> <span class='ocrx_word' id='word_1_29' title='bbox 1512 939 1764 985; x_wconf 82' lang='lat' dir='ltr'><strong>abnuens“.</strong></span> 
     </span>
     <span class='ocr_line' id='line_1_7' title="bbox 172 1012 1765 1078; baseline 0.003 -22"><span class='ocrx_word' id='word_1_30' title='bbox 172 1013 223 1056; x_wconf 94' lang='lat' dir='ltr'><strong>D.</strong></span> <span class='ocrx_word' id='word_1_31' title='bbox 255 1012 341 1056; x_wconf 92' lang='lat' dir='ltr'><strong>III.</strong></span> <span class='ocrx_word' id='word_1_32' title='bbox 377 1014 445 1069; x_wconf 87' lang='lat'><strong>17,</strong></span> <span class='ocrx_word' id='word_1_33' title='bbox 484 1014 511 1057; x_wconf 86' lang='lat'>5</span> <span class='ocrx_word' id='word_1_34' title='bbox 569 1027 689 1068; x_wconf 84' lang='lat' dir='ltr'><strong>„non</strong></span> <span class='ocrx_word' id='word_1_35' title='bbox 728 1014 902 1058; x_wconf 83' lang='lat' dir='ltr'><strong>abnuet</strong></span> <span class='ocrx_word' id='word_1_36' title='bbox 953 1015 1215 1073; x_wconf 80' lang='lat' dir='ltr'><strong>praesulem</strong></span> <span class='ocrx_word' id='word_1_37' title='bbox 1267 1019 1479 1060; x_wconf 88' lang='lat' dir='ltr'><strong>nostrum</strong></span> <span class='ocrx_word' id='word_1_38' title='bbox 1527 1030 1633 1060; x_wconf 89' lang='lat' dir='ltr'><strong>cum</strong></span> <span class='ocrx_word' id='word_1_39' title='bbox 1681 1030 1765 1078; x_wconf 84' lang='lat' dir='ltr'><strong>suo</strong></span> 
     </span>
     <span class='ocr_line' id='line_1_8' title="bbox 172 1090 1763 1149; baseline 0.003 -16"><span class='ocrx_word' id='word_1_40' title='bbox 172 1090 330 1134; x_wconf 82' lang='lat' dir='ltr'><strong>Felice</strong></span> <span class='ocrx_word' id='word_1_41' title='bbox 361 1093 681 1149; x_wconf 88' lang='lat' dir='ltr'><strong>componere“.</strong></span> <span class='ocrx_word' id='word_1_42' title='bbox 743 1091 846 1135; x_wconf 89' lang='lat' dir='ltr'><strong>Liv.</strong></span> <span class='ocrx_word' id='word_1_43' title='bbox 879 1092 949 1147; x_wconf 83' lang='lat'><strong>37,</strong></span> <span class='ocrx_word' id='word_1_44' title='bbox 998 1093 1069 1147; x_wconf 89' lang='lat'><strong>48,</strong></span> <span class='ocrx_word' id='word_1_45' title='bbox 1101 1093 1131 1135; x_wconf 90' lang='lat'>4</span> <span class='ocrx_word' id='word_1_46' title='bbox 1166 1092 1251 1146; x_wconf 88' lang='lat' dir='ltr'><strong>„ob</strong></span> <span class='ocrx_word' id='word_1_47' title='bbox 1284 1092 1371 1136; x_wconf 90' lang='lat' dir='ltr'><strong>hoc</strong></span> <span class='ocrx_word' id='word_1_48' title='bbox 1401 1091 1595 1137; x_wconf 86' lang='lat' dir='ltr'><strong>Aetolos</strong></span> <span class='ocrx_word' id='word_1_49' title='bbox 1627 1127 1636 1136; x_wconf 93' lang='lat'><strong>.</strong></span> <span class='ocrx_word' id='word_1_50' title='bbox 1669 1127 1678 1136; x_wconf 96' lang='lat'><strong>.</strong></span> <span class='ocrx_word' id='word_1_51' title='bbox 1755 1129 1763 1137; x_wconf 91' lang='lat'><strong>.</strong></span> 
     </span>
     <span class='ocr_line' id='line_1_9' title="bbox 173 1167 1766 1231; baseline 0.003 -19"><span class='ocrx_word' id='word_1_52' title='bbox 173 1167 391 1213; x_wconf 83' lang='lat' dir='ltr'><strong>abnuisse</strong></span> <span class='ocrx_word' id='word_1_53' title='bbox 421 1167 651 1229; x_wconf 90' lang='lat' dir='ltr'><strong>imperata</strong></span> <span class='ocrx_word' id='word_1_54' title='bbox 681 1167 874 1215; x_wconf 84' lang='lat' dir='ltr'><strong>facere“.</strong></span> <span class='ocrx_word' id='word_1_55' title='bbox 938 1169 1044 1214; x_wconf 90' lang='lat' dir='ltr'><strong>Tac.</strong></span> <span class='ocrx_word' id='word_1_56' title='bbox 1077 1185 1181 1215; x_wconf 90' lang='lat' dir='ltr'><strong>ann.</strong></span> <span class='ocrx_word' id='word_1_57' title='bbox 1213 1171 1254 1227; x_wconf 91' lang='lat'><strong>4,</strong></span> <span class='ocrx_word' id='word_1_58' title='bbox 1286 1170 1344 1216; x_wconf 87' lang='lat'><strong>56</strong></span> <span class='ocrx_word' id='word_1_59' title='bbox 1380 1174 1455 1226; x_wconf 88' lang='lat' dir='ltr'><strong>„et</strong></span> <span class='ocrx_word' id='word_1_60' title='bbox 1487 1170 1598 1230; x_wconf 85' lang='lat' dir='ltr'><strong>q&#39;uia</strong></span> <span class='ocrx_word' id='word_1_61' title='bbox 1627 1171 1766 1231; x_wconf 89' lang='lat' dir='ltr'><strong>Lepi-</strong></span> 
     </span>
     <span class='ocr_line' id='line_1_10' title="bbox 173 1245 1360 1306; baseline 0.003 -18"><span class='ocrx_word' id='word_1_62' title='bbox 173 1245 260 1289; x_wconf 87' lang='lat' dir='ltr'><strong>dus</strong></span> <span class='ocrx_word' id='word_1_63' title='bbox 292 1246 393 1306; x_wconf 90' lang='lat' dir='ltr'><strong>ipse</strong></span> <span class='ocrx_word' id='word_1_64' title='bbox 425 1247 629 1304; x_wconf 86' lang='lat' dir='ltr'><strong>deligere</strong></span> <span class='ocrx_word' id='word_1_65' title='bbox 660 1261 745 1306; x_wconf 88' lang='lat' dir='ltr'><strong>per</strong></span> <span class='ocrx_word' id='word_1_66' title='bbox 777 1246 1052 1290; x_wconf 84' lang='lat' dir='ltr'><strong>modestiam</strong></span> <span class='ocrx_word' id='word_1_67' title='bbox 1083 1247 1360 1291; x_wconf 87' lang='lat' dir='ltr'><strong>abnuebat“.</strong></span> 
     </span>
    </p>

    <p class='ocr_par' dir='ltr' id='par_1_6' title="bbox 172 1323 1768 1600">
     <span class='ocr_line' id='line_1_11' title="bbox 320 1323 1767 1382; baseline -0.001 -14"><span class='ocrx_word' id='word_1_68' title='bbox 320 1325 511 1379; x_wconf 86' lang='lat' dir='ltr'><strong>„eniti“:</strong></span> <span class='ocrx_word' id='word_1_69' title='bbox 544 1325 605 1368; x_wconf 90' lang='lat' dir='ltr'><strong>M.</strong></span> <span class='ocrx_word' id='word_1_70' title='bbox 638 1325 677 1379; x_wconf 90' lang='lat'><strong>8,</strong></span> <span class='ocrx_word' id='word_1_71' title='bbox 712 1326 740 1367; x_wconf 91' lang='lat'><strong>3</strong></span> <span class='ocrx_word' id='word_1_72' title='bbox 776 1324 959 1382; x_wconf 88' lang='lat' dir='ltr'><strong>„enisus</strong></span> <span class='ocrx_word' id='word_1_73' title='bbox 991 1323 1285 1380; x_wconf 89' lang='lat' dir='ltr'><strong>adsurgere“.</strong></span> <span class='ocrx_word' id='word_1_74' title='bbox 1348 1324 1458 1368; x_wconf 86' lang='lat' dir='ltr'><strong>Sall.</strong></span> <span class='ocrx_word' id='word_1_75' title='bbox 1480 1324 1590 1381; x_wconf 86' lang='lat' dir='ltr'><strong>Jug.</strong></span> <span class='ocrx_word' id='word_1_76' title='bbox 1627 1326 1692 1379; x_wconf 88' lang='lat'><strong>14,</strong></span> <span class='ocrx_word' id='word_1_77' title='bbox 1732 1327 1767 1379; x_wconf 87' lang='lat'><strong>1,</strong></span> 
     </span>
     <span class='ocr_line' id='line_1_12' title="bbox 176 1400 1768 1459; baseline 0 -15"><span class='ocrx_word' id='word_1_78' title='bbox 176 1401 274 1456; x_wconf 91' lang='lat' dir='ltr'><strong>„uti</strong></span> <span class='ocrx_word' id='word_1_79' title='bbox 320 1400 526 1445; x_wconf 81' lang='lat' dir='ltr'><strong>eniterer</strong></span> <span class='ocrx_word' id='word_1_80' title='bbox 571 1400 697 1445; x_wconf 91' lang='lat' dir='ltr'><strong>domi</strong></span> <span class='ocrx_word' id='word_1_81' title='bbox 745 1401 1034 1459; x_wconf 85' lang='lat' dir='ltr'><strong>militiaeque</strong></span> <span class='ocrx_word' id='word_1_82' title='bbox 1082 1414 1223 1458; x_wconf 87' lang='lat' dir='ltr'><strong>quam</strong></span> <span class='ocrx_word' id='word_1_83' title='bbox 1270 1415 1484 1445; x_wconf 85' lang='lat' dir='ltr'><strong>maxume</strong></span> <span class='ocrx_word' id='word_1_84' title='bbox 1530 1400 1636 1444; x_wconf 88' lang='lat' dir='ltr'><strong>usui</strong></span> <span class='ocrx_word' id='word_1_85' title='bbox 1668 1415 1768 1444; x_wconf 90' lang='lat' dir='ltr'><strong>esse</strong></span> 
     </span>
     <span class='ocr_line' id='line_1_13' title="bbox 172 1477 1762 1537; baseline -0.001 -15"><span class='ocrx_word' id='word_1_86' title='bbox 172 1479 347 1537; x_wconf 90' lang='lat' dir='ltr'><strong>populo</strong></span> <span class='ocrx_word' id='word_1_87' title='bbox 379 1480 640 1522; x_wconf 86' lang='lat' dir='ltr'><strong>Romano“.</strong></span> <span class='ocrx_word' id='word_1_88' title='bbox 701 1478 869 1523; x_wconf 88' lang='lat' dir='ltr'><strong>Livius</strong></span> <span class='ocrx_word' id='word_1_89' title='bbox 900 1482 949 1522; x_wconf 87' lang='lat' dir='ltr'><strong>et</strong></span> <span class='ocrx_word' id='word_1_90' title='bbox 981 1478 1173 1521; x_wconf 83' lang='lat' dir='ltr'><strong>Tacitus</strong></span> <span class='ocrx_word' id='word_1_91' title='bbox 1209 1477 1413 1533; x_wconf 87' lang='lat' dir='ltr'><strong>„adniti“</strong></span> <span class='ocrx_word' id='word_1_92' title='bbox 1448 1483 1496 1522; x_wconf 91' lang='lat' dir='ltr'><strong>et</strong></span> <span class='ocrx_word' id='word_1_93' title='bbox 1532 1478 1762 1533; x_wconf 89' lang='lat' dir='ltr'><strong>„conniti“</strong></span> 
     </span>
     <span class='ocr_line' id='line_1_14' title="bbox 173 1555 878 1600; baseline 0 -1"><span class='ocrx_word' id='word_1_94' title='bbox 173 1570 279 1599; x_wconf 88' lang='lat' dir='ltr'><strong>cum</strong></span> <span class='ocrx_word' id='word_1_95' title='bbox 311 1555 549 1600; x_wconf 84' lang='lat' dir='ltr'><strong>infinitivo</strong></span> <span class='ocrx_word' id='word_1_96' title='bbox 583 1560 878 1599; x_wconf 89' lang='lat' dir='ltr'><strong>cunstruunt.</strong></span> 
     </span>
    </p>

    <p class='ocr_par' dir='ltr' id='par_1_7' title="bbox 171 1631 1765 1844">
     <span class='ocr_line' id='line_1_15' title="bbox 322 1631 1765 1692; baseline 0.001 -17"><span class='ocrx_word' id='word_1_97' title='bbox 322 1631 592 1687; x_wconf 85' lang='lat' dir='ltr'><strong>„differre“:</strong></span> <span class='ocrx_word' id='word_1_98' title='bbox 625 1632 682 1676; x_wconf 88' lang='lat' dir='ltr'><strong>D.</strong></span> <span class='ocrx_word' id='word_1_99' title='bbox 713 1633 746 1676; x_wconf 91' lang='lat' dir='ltr'><strong>I.</strong></span> <span class='ocrx_word' id='word_1_100' title='bbox 783 1634 849 1689; x_wconf 93' lang='lat'><strong>18,</strong></span> <span class='ocrx_word' id='word_1_101' title='bbox 882 1634 911 1675; x_wconf 91' lang='lat'>4</span> <span class='ocrx_word' id='word_1_102' title='bbox 946 1647 1057 1687; x_wconf 91' lang='grc'>»1100</span> <span class='ocrx_word' id='word_1_103' title='bbox 1088 1632 1274 1676; x_wconf 86' lang='lat' dir='ltr'><strong>distulit</strong></span> <span class='ocrx_word' id='word_1_104' title='bbox 1295 1647 1459 1692; x_wconf 89' lang='lat' dir='ltr'><strong>parere</strong></span> <span class='ocrx_word' id='word_1_105' title='bbox 1475 1635 1765 1692; x_wconf 88' lang='lat' dir='ltr'><strong>praecepto“.</strong></span> 
     </span>
     <span class='ocr_line' id='line_1_16' title="bbox 172 1709 1764 1765; baseline 0 -12"><span class='ocrx_word' id='word_1_106' title='bbox 172 1710 228 1753; x_wconf 92' lang='lat' dir='ltr'><strong>D.</strong></span> <span class='ocrx_word' id='word_1_107' title='bbox 261 1711 315 1753; x_wconf 94' lang='grc' dir='ltr'><strong>ΙΙ.</strong></span> <span class='ocrx_word' id='word_1_108' title='bbox 352 1712 388 1765; x_wconf 92' lang='grc'><strong>1,</strong></span> <span class='ocrx_word' id='word_1_109' title='bbox 421 1712 451 1753; x_wconf 91' lang='lat'>4</span> <span class='ocrx_word' id='word_1_110' title='bbox 475 1724 605 1764; x_wconf 91' lang='lat' dir='ltr'><strong>„cum</strong></span> <span class='ocrx_word' id='word_1_111' title='bbox 628 1710 672 1753; x_wconf 91' lang='lat' dir='ltr'><strong>ei</strong></span> <span class='ocrx_word' id='word_1_112' title='bbox 703 1709 1053 1758; x_wconf 85' lang='lat' dir='ltr'><strong>archidiaconus</strong></span> <span class='ocrx_word' id='word_1_113' title='bbox 1086 1709 1197 1753; x_wconf 88' lang='lat' dir='ltr'><strong>dare</strong></span> <span class='ocrx_word' id='word_1_114' title='bbox 1228 1710 1437 1754; x_wconf 89' lang='lat' dir='ltr'><strong>tunicam</strong></span> <span class='ocrx_word' id='word_1_115' title='bbox 1465 1710 1764 1755; x_wconf 87' lang='lat' dir='ltr'><strong>distulisset“.</strong></span> 
     </span>
     <span class='ocr_line' id='line_1_17' title="bbox 171 1785 1499 1844; baseline 0.001 -14"><span class='ocrx_word' id='word_1_116' title='bbox 171 1786 276 1832; x_wconf 85' lang='lat' dir='ltr'><strong>Liv.</strong></span> <span class='ocrx_word' id='word_1_117' title='bbox 307 1788 380 1844; x_wconf 80' lang='lat'><strong>42,</strong></span> <span class='ocrx_word' id='word_1_118' title='bbox 414 1788 453 1844; x_wconf 81' lang='lat'><strong>2,</strong></span> <span class='ocrx_word' id='word_1_119' title='bbox 487 1788 514 1831; x_wconf 82' lang='lat'><strong><em>2</em></strong></span> <span class='ocrx_word' id='word_1_120' title='bbox 550 1802 665 1843; x_wconf 89' lang='lat' dir='ltr'><strong>„nec</strong></span> <span class='ocrx_word' id='word_1_121' title='bbox 695 1786 823 1831; x_wconf 89' lang='lat' dir='ltr'><strong>ultra</strong></span> <span class='ocrx_word' id='word_1_122' title='bbox 854 1786 913 1831; x_wconf 88' lang='lat' dir='ltr'><strong>ad</strong></span> <span class='ocrx_word' id='word_1_123' title='bbox 943 1801 1072 1830; x_wconf 87' lang='lat' dir='ltr'><strong>arma</strong></span> <span class='ocrx_word' id='word_1_124' title='bbox 1102 1786 1170 1831; x_wconf 88' lang='lat' dir='ltr'><strong>ire</strong></span> <span class='ocrx_word' id='word_1_125' title='bbox 1202 1785 1499 1832; x_wconf 87' lang='lat' dir='ltr'><strong>dilaturum“.</strong></span> 
     </span>
    </p>

    <p class='ocr_par' dir='ltr' id='par_1_8' title="bbox 173 1864 1768 2064">
     <span class='ocr_line' id='line_1_18' title="bbox 322 1864 1766 1920; baseline -0.001 -12"><span class='ocrx_word' id='word_1_126' title='bbox 322 1864 559 1920; x_wconf 85' lang='lat' dir='ltr'><strong>„ardere“:</strong></span> <span class='ocrx_word' id='word_1_127' title='bbox 592 1865 654 1908; x_wconf 89' lang='lat' dir='ltr'><strong>M.</strong></span> <span class='ocrx_word' id='word_1_128' title='bbox 689 1866 759 1920; x_wconf 85' lang='lat'><strong>25,</strong></span> <span class='ocrx_word' id='word_1_129' title='bbox 796 1867 817 1907; x_wconf 96' lang='lat'>1</span> <span class='ocrx_word' id='word_1_130' title='bbox 855 1864 1076 1919; x_wconf 87' lang='lat' dir='ltr'><strong>„ardebat</strong></span> <span class='ocrx_word' id='word_1_131' title='bbox 1108 1865 1290 1908; x_wconf 88' lang='lat' dir='ltr'><strong>animus</strong></span> <span class='ocrx_word' id='word_1_132' title='bbox 1313 1865 1619 1908; x_wconf 71' lang='lat' dir='ltr'><strong>vitam-illius</strong></span> <span class='ocrx_word' id='word_1_133' title='bbox 1651 1865 1766 1908; x_wconf 90' lang='lat' dir='ltr'><strong>scri-</strong></span> 
     </span>
     <span class='ocr_line' id='line_1_19' title="bbox 173 1940 1768 2003; baseline 0 -17"><span class='ocrx_word' id='word_1_134' title='bbox 173 1942 325 1987; x_wconf 85' lang='lat' dir='ltr'><strong>bere“.</strong></span> <span class='ocrx_word' id='word_1_135' title='bbox 388 1942 496 1987; x_wconf 88' lang='lat' dir='ltr'><strong>Sall.</strong></span> <span class='ocrx_word' id='word_1_136' title='bbox 528 1942 635 2000; x_wconf 88' lang='lat' dir='ltr'><strong>Jug.</strong></span> <span class='ocrx_word' id='word_1_137' title='bbox 670 1943 740 1999; x_wconf 84' lang='lat'><strong>39,</strong></span> <span class='ocrx_word' id='word_1_138' title='bbox 774 1942 802 1986; x_wconf 86' lang='lat'>5</span> <span class='ocrx_word' id='word_1_139' title='bbox 837 1956 1151 2003; x_wconf 77' lang='lat' dir='ltr'><strong>„quamquam</strong></span> <span class='ocrx_word' id='word_1_140' title='bbox 1172 1942 1390 2001; x_wconf 86' lang='lat' dir='ltr'><strong>persequi</strong></span> <span class='ocrx_word' id='word_1_141' title='bbox 1412 1940 1688 2000; x_wconf 81' lang='lat' dir='ltr'><strong>Iugurtham</strong></span> <span class='ocrx_word' id='word_1_142' title='bbox 1720 1946 1768 1986; x_wconf 92' lang='lat' dir='ltr'><strong>et</strong></span> 
     </span>
     <span class='ocr_line' id='line_1_20' title="bbox 175 2018 1316 2064; baseline 0.001 -2"><span class='ocrx_word' id='word_1_143' title='bbox 175 2019 351 2064; x_wconf 89' lang='lat' dir='ltr'><strong>mederi</strong></span> <span class='ocrx_word' id='word_1_144' title='bbox 382 2018 620 2063; x_wconf 85' lang='lat' dir='ltr'><strong>fraternae</strong></span> <span class='ocrx_word' id='word_1_145' title='bbox 650 2019 858 2064; x_wconf 85' lang='lat' dir='ltr'><strong>invidiae</strong></span> <span class='ocrx_word' id='word_1_146' title='bbox 890 2019 1047 2063; x_wconf 89' lang='lat' dir='ltr'><strong>animo</strong></span> <span class='ocrx_word' id='word_1_147' title='bbox 1080 2019 1316 2063; x_wconf 88' lang='lat' dir='ltr'><strong>ardebat“.</strong></span> 
     </span>
    </p>

    <p class='ocr_par' dir='ltr' id='par_1_9' title="bbox 174 2096 1770 2389">
     <span class='ocr_line' id='line_1_21' title="bbox 319 2096 1766 2141; baseline 0 -1"><span class='ocrx_word' id='word_1_148' title='bbox 319 2096 536 2141; x_wconf 85' lang='lat' dir='ltr'><strong>Tacitum</strong></span> <span class='ocrx_word' id='word_1_149' title='bbox 567 2100 754 2141; x_wconf 88' lang='lat' dir='ltr'><strong>secutus</strong></span> <span class='ocrx_word' id='word_1_150' title='bbox 792 2110 897 2141; x_wconf 91' lang='lat' dir='ltr'><strong>cum</strong></span> <span class='ocrx_word' id='word_1_151' title='bbox 930 2096 1197 2141; x_wconf 87' lang='lat' dir='ltr'><strong>accusativo</strong></span> <span class='ocrx_word' id='word_1_152' title='bbox 1251 2111 1357 2141; x_wconf 88' lang='lat' dir='ltr'><strong>cum</strong></span> <span class='ocrx_word' id='word_1_153' title='bbox 1388 2096 1626 2141; x_wconf 88' lang='lat' dir='ltr'><strong>infinitivo</strong></span> <span class='ocrx_word' id='word_1_154' title='bbox 1658 2110 1766 2140; x_wconf 88' lang='lat' dir='ltr'><strong>con-</strong></span> 
     </span>
     <span class='ocr_line' id='line_1_22' title="bbox 174 2173 1770 2234; baseline 0.001 -17"><span class='ocrx_word' id='word_1_155' title='bbox 174 2175 329 2232; x_wconf 89' lang='lat' dir='ltr'><strong>iungit</strong></span> <span class='ocrx_word' id='word_1_156' title='bbox 376 2175 611 2234; x_wconf 87' lang='lat' dir='ltr'><strong>Sulpicius</strong></span> <span class='ocrx_word' id='word_1_157' title='bbox 660 2175 880 2220; x_wconf 89' lang='lat' dir='ltr'><strong>Severus:</strong></span> <span class='ocrx_word' id='word_1_158' title='bbox 938 2173 1140 2232; x_wconf 86' lang='lat' dir='ltr'><strong>„orare“.</strong></span> <span class='ocrx_word' id='word_1_159' title='bbox 1220 2175 1275 2218; x_wconf 89' lang='lat' dir='ltr'><strong>D.</strong></span> <span class='ocrx_word' id='word_1_160' title='bbox 1336 2175 1392 2218; x_wconf 93' lang='lat' dir='ltr'><strong>II.</strong></span> <span class='ocrx_word' id='word_1_161' title='bbox 1444 2178 1480 2230; x_wconf 92' lang='lat'><strong>1,</strong></span> <span class='ocrx_word' id='word_1_162' title='bbox 1531 2177 1552 2218; x_wconf 91' lang='lat'>1</span> <span class='ocrx_word' id='word_1_163' title='bbox 1606 2189 1770 2229; x_wconf 89' lang='lat' dir='ltr'><strong>„orans</strong></span> 
     </span>
     <span class='ocr_line' id='line_1_23' title="bbox 174 2251 1770 2312; baseline -0.001 -16"><span class='ocrx_word' id='word_1_164' title='bbox 174 2252 263 2297; x_wconf 87' lang='lat' dir='ltr'><strong>sibi</strong></span> <span class='ocrx_word' id='word_1_165' title='bbox 295 2253 635 2298; x_wconf 89' lang='lat' dir='ltr'><strong>vestimentum</strong></span> <span class='ocrx_word' id='word_1_166' title='bbox 667 2252 811 2298; x_wconf 89' lang='lat' dir='ltr'><strong>dari“.</strong></span> <span class='ocrx_word' id='word_1_167' title='bbox 875 2253 982 2297; x_wconf 90' lang='lat' dir='ltr'><strong>Tac.</strong></span> <span class='ocrx_word' id='word_1_168' title='bbox 1017 2266 1122 2297; x_wconf 89' lang='lat' dir='ltr'><strong>ann.</strong></span> <span class='ocrx_word' id='word_1_169' title='bbox 1172 2254 1239 2309; x_wconf 93' lang='lat' dir='ltr'><strong>ll,</strong></span> <span class='ocrx_word' id='word_1_170' title='bbox 1291 2254 1367 2312; x_wconf 25' lang='lat'><strong>10,</strong></span> <span class='ocrx_word' id='word_1_171' title='bbox 1396 2252 1527 2311; x_wconf 88' lang='lat' dir='ltr'><strong>„quis</strong></span> <span class='ocrx_word' id='word_1_172' title='bbox 1558 2251 1770 2312; x_wconf 89' lang='lat' dir='ltr'><strong>permitti</strong></span> 
     </span>
     <span class='ocr_line' id='line_1_24' title="bbox 177 2329 1362 2389; baseline -0.001 -16"><span class='ocrx_word' id='word_1_173' title='bbox 177 2330 486 2375; x_wconf 86' lang='lat' dir='ltr'><strong>Meherdaten</strong></span> <span class='ocrx_word' id='word_1_174' title='bbox 516 2332 723 2389; x_wconf 79' lang='lat' dir='ltr'><strong>patrium</strong></span> <span class='ocrx_word' id='word_1_175' title='bbox 756 2331 815 2373; x_wconf 89' lang='lat' dir='ltr'><strong>ad</strong></span> <span class='ocrx_word' id='word_1_176' title='bbox 848 2330 1092 2386; x_wconf 86' lang='lat' dir='ltr'><strong>fastigium</strong></span> <span class='ocrx_word' id='word_1_177' title='bbox 1125 2329 1362 2372; x_wconf 85' lang='lat' dir='ltr'><strong>orabant.“</strong></span> 
     </span>
    </p>

    <p class='ocr_par' dir='ltr' id='par_1_10' title="bbox 173 2405 1772 2853">
     <span class='ocr_line' id='line_1_25' title="bbox 319 2405 1768 2471; baseline 0 -20"><span class='ocrx_word' id='word_1_178' title='bbox 319 2408 375 2452; x_wconf 90' lang='lat' dir='ltr'><strong>In</strong></span> <span class='ocrx_word' id='word_1_179' title='bbox 407 2407 619 2453; x_wconf 85' lang='lat' dir='ltr'><strong>oratione</strong></span> <span class='ocrx_word' id='word_1_180' title='bbox 650 2407 854 2466; x_wconf 89' lang='lat' dir='ltr'><strong>obliqua,</strong></span> <span class='ocrx_word' id='word_1_181' title='bbox 907 2422 1026 2466; x_wconf 89' lang='lat' dir='ltr'><strong>quae</strong></span> <span class='ocrx_word' id='word_1_182' title='bbox 1057 2405 1241 2463; x_wconf 87' lang='lat' dir='ltr'><strong>dicitur,</strong></span> <span class='ocrx_word' id='word_1_183' title='bbox 1293 2405 1345 2450; x_wconf 87' lang='lat' dir='ltr'><strong>in</strong></span> <span class='ocrx_word' id='word_1_184' title='bbox 1396 2406 1650 2471; x_wconf 82' lang='lat' dir='ltr'><strong>enuntiatis</strong></span> <span class='ocrx_word' id='word_1_185' title='bbox 1701 2422 1768 2451; x_wconf 88' lang='lat' dir='ltr'><strong>se-</strong></span> 
     </span>
     <span class='ocr_line' id='line_1_26' title="bbox 174 2484 1770 2542; baseline 0.001 -15"><span class='ocrx_word' id='word_1_186' title='bbox 174 2484 410 2528; x_wconf 87' lang='lat' dir='ltr'><strong>cundariis</strong></span> <span class='ocrx_word' id='word_1_187' title='bbox 473 2486 525 2528; x_wconf 91' lang='lat' dir='ltr'><strong>in</strong></span> <span class='ocrx_word' id='word_1_188' title='bbox 599 2485 874 2529; x_wconf 88' lang='lat' dir='ltr'><strong>universum</strong></span> <span class='ocrx_word' id='word_1_189' title='bbox 951 2484 1281 2527; x_wconf 89' lang='lat' dir='ltr'><strong>coniunctivus</strong></span> <span class='ocrx_word' id='word_1_190' title='bbox 1344 2484 1549 2542; x_wconf 85' lang='lat' dir='ltr'><strong>ponitur,</strong></span> <span class='ocrx_word' id='word_1_191' title='bbox 1627 2488 1770 2542; x_wconf 85' lang='lat' dir='ltr'><strong>atque</strong></span> 
     </span>
     <span class='ocr_line' id='line_1_27' title="bbox 173 2559 1769 2617; baseline 0.001 -13"><span class='ocrx_word' id='word_1_192' title='bbox 173 2561 460 2606; x_wconf 70' lang='lat' dir='ltr'><strong>indicativus</strong></span> <span class='ocrx_word' id='word_1_193' title='bbox 491 2562 686 2617; x_wconf 89' lang='lat' dir='ltr'><strong>vitatur,</strong></span> <span class='ocrx_word' id='word_1_194' title='bbox 718 2562 810 2605; x_wconf 87' lang='lat' dir='ltr'><strong>nisi</strong></span> <span class='ocrx_word' id='word_1_195' title='bbox 864 2560 1163 2605; x_wconf 87' lang='lat' dir='ltr'><strong>enuntiatum</strong></span> <span class='ocrx_word' id='word_1_196' title='bbox 1185 2559 1510 2604; x_wconf 87' lang='lat' dir='ltr'><strong>secundarium</strong></span> <span class='ocrx_word' id='word_1_197' title='bbox 1532 2575 1589 2604; x_wconf 80' lang='lat' dir='ltr'><strong>ex</strong></span> <span class='ocrx_word' id='word_1_198' title='bbox 1609 2566 1769 2605; x_wconf 89' lang='lat' dir='ltr'><strong>mente</strong></span> 
     </span>
     <span class='ocr_line' id='line_1_28' title="bbox 173 2635 1771 2698; baseline 0.001 -17"><span class='ocrx_word' id='word_1_199' title='bbox 173 2638 321 2697; x_wconf 89' lang='lat' dir='ltr'><strong>ipsius</strong></span> <span class='ocrx_word' id='word_1_200' title='bbox 353 2638 601 2698; x_wconf 87' lang='lat' dir='ltr'><strong>scriptoris</strong></span> <span class='ocrx_word' id='word_1_201' title='bbox 625 2637 839 2683; x_wconf 90' lang='lat' dir='ltr'><strong>additum</strong></span> <span class='ocrx_word' id='word_1_202' title='bbox 873 2644 954 2681; x_wconf 89' lang='lat' dir='ltr'><strong>est.</strong></span> <span class='ocrx_word' id='word_1_203' title='bbox 1017 2637 1088 2681; x_wconf 86' lang='lat' dir='ltr'><strong>Ab</strong></span> <span class='ocrx_word' id='word_1_204' title='bbox 1135 2636 1226 2680; x_wconf 89' lang='lat' dir='ltr'><strong>hoc</strong></span> <span class='ocrx_word' id='word_1_205' title='bbox 1256 2636 1444 2694; x_wconf 85' lang='lat' dir='ltr'><strong>vulgari</strong></span> <span class='ocrx_word' id='word_1_206' title='bbox 1475 2635 1662 2682; x_wconf 88' lang='lat' dir='ltr'><strong>dicendi</strong></span> <span class='ocrx_word' id='word_1_207' title='bbox 1691 2652 1771 2695; x_wconf 89' lang='lat' dir='ltr'><strong>ge-</strong></span> 
     </span>
     <span class='ocr_line' id='line_1_29' title="bbox 177 2713 1771 2775; baseline -0.001 -16"><span class='ocrx_word' id='word_1_208' title='bbox 177 2731 289 2760; x_wconf 87' lang='lat' dir='ltr'><strong>nere</strong></span> <span class='ocrx_word' id='word_1_209' title='bbox 325 2717 506 2775; x_wconf 89' lang='lat' dir='ltr'><strong>primus</strong></span> <span class='ocrx_word' id='word_1_210' title='bbox 555 2716 807 2760; x_wconf 89' lang='lat' dir='ltr'><strong>Sallustius</strong></span> <span class='ocrx_word' id='word_1_211' title='bbox 840 2716 1024 2775; x_wconf 89' lang='lat' dir='ltr'><strong>saepius</strong></span> <span class='ocrx_word' id='word_1_212' title='bbox 1056 2715 1247 2759; x_wconf 88' lang='lat' dir='ltr'><strong>recessit</strong></span> <span class='ocrx_word' id='word_1_213' title='bbox 1281 2713 1380 2766; x_wconf 89' lang='lat' dir='ltr'><strong>(cfr.</strong></span> <span class='ocrx_word' id='word_1_214' title='bbox 1412 2714 1712 2759; x_wconf 80' lang='lat' dir='ltr'><strong>Badstiibner</strong></span> <span class='ocrx_word' id='word_1_215' title='bbox 1743 2715 1771 2758; x_wconf 94' lang='lat' dir='ltr'><strong>l.</strong></span> 
     </span>
     <span class='ocr_line' id='line_1_30' title="bbox 174 2791 1772 2853; baseline -0.001 -16"><span class='ocrx_word' id='word_1_216' title='bbox 174 2794 202 2837; x_wconf 92' lang='lat'><strong>1.</strong></span> <span class='ocrx_word' id='word_1_217' title='bbox 235 2809 339 2853; x_wconf 87' lang='lat' dir='ltr'><strong>pag.</strong></span> <span class='ocrx_word' id='word_1_218' title='bbox 372 2795 430 2838; x_wconf 87' lang='lat'><strong>39</strong></span> <span class='ocrx_word' id='word_1_219' title='bbox 478 2796 579 2852; x_wconf 89' lang='lat' dir='ltr'><strong>sq.),</strong></span> <span class='ocrx_word' id='word_1_220' title='bbox 626 2798 734 2853; x_wconf 92' lang='lat' dir='ltr'><strong>post</strong></span> <span class='ocrx_word' id='word_1_221' title='bbox 781 2793 1059 2838; x_wconf 88' lang='lat' dir='ltr'><strong>Sallustium</strong></span> <span class='ocrx_word' id='word_1_222' title='bbox 1105 2791 1274 2836; x_wconf 89' lang='lat' dir='ltr'><strong>Livius</strong></span> <span class='ocrx_word' id='word_1_223' title='bbox 1306 2797 1354 2836; x_wconf 91' lang='lat' dir='ltr'><strong>et</strong></span> <span class='ocrx_word' id='word_1_224' title='bbox 1387 2792 1579 2837; x_wconf 85' lang='lat' dir='ltr'><strong>Tacitus</strong></span> <span class='ocrx_word' id='word_1_225' title='bbox 1611 2792 1772 2837; x_wconf 86' lang='lat' dir='ltr'><strong>multis</strong></span> 
     </span>
    </p>

    <p class='ocr_par' dir='ltr' id='par_1_11' title="bbox 174 2870 1772 2931">
     <span class='ocr_line' id='line_1_31' title="bbox 174 2870 1772 2931; baseline -0.002 -15"><span class='ocrx_word' id='word_1_226' title='bbox 174 2872 288 2916; x_wconf 86' lang='lat' dir='ltr'><strong>locis</strong></span> <span class='ocrx_word' id='word_1_227' title='bbox 319 2871 422 2930; x_wconf 80' lang='lat' dir='ltr'><strong>(cfr.</strong></span> <span class='ocrx_word' id='word_1_228' title='bbox 455 2872 677 2918; x_wconf 83' lang='lat' dir='ltr'><strong>Kiihnast</strong></span> <span class='ocrx_word' id='word_1_229' title='bbox 708 2872 737 2915; x_wconf 93' lang='lat'><strong>1.</strong></span> <span class='ocrx_word' id='word_1_230' title='bbox 768 2872 797 2915; x_wconf 90' lang='lat'><strong>1.</strong></span> <span class='ocrx_word' id='word_1_231' title='bbox 829 2886 933 2931; x_wconf 89' lang='lat' dir='ltr'><strong>pag.</strong></span> <span class='ocrx_word' id='word_1_232' title='bbox 979 2871 1066 2915; x_wconf 84' lang='lat'><strong>235</strong></span> <span class='ocrx_word' id='word_1_233' title='bbox 1098 2875 1146 2915; x_wconf 89' lang='lat' dir='ltr'><strong>et</strong></span> <span class='ocrx_word' id='word_1_234' title='bbox 1186 2870 1395 2928; x_wconf 88' lang='lat' dir='ltr'><strong>Draeger</strong></span> <span class='ocrx_word' id='word_1_235' title='bbox 1444 2870 1637 2914; x_wconf 85' lang='lat' dir='ltr'><strong>Tacitus</strong></span> <span class='ocrx_word' id='word_1_236' title='bbox 1667 2884 1772 2929; x_wconf 87' lang='lat' dir='ltr'><strong>pag.</strong></span> 
     </span>
    </p>
   </div>
  </div>
 </body>
</html>
