1961 3279
816 75 1111 130 ..Β-3,..

316 205 364 260 A
382 210 687 275 scriptoribus
706 216 931 262 Romanis
962 216 1209 276 participia
1238 212 1433 276 perfecti
1453 212 1630 277 passivi
1652 229 1757 263 cum

173 291 483 339 substantivis
513 292 582 337 ita
611 292 856 352 coniungi,
891 297 946 337 ut
978 293 1383 339 substantivorum
1415 294 1757 339 abstractorum

172 359 275 416 vice
305 370 579 428 fungantur,
622 370 746 414 inter
776 385 935 415 omnes
967 375 1163 415 constat.
1225 371 1318 425 Qui
1349 387 1461 415 usus
1493 387 1597 416 cum
1630 371 1757 431 apud

173 448 453 505 Ciceronem,
500 447 786 505 Sallustium,
816 447 1020 505 Livium,
1053 448 1286 506 Tacitum,
1335 449 1451 494 alios
1482 464 1630 508 aeque
1659 448 1757 494 fere

173 525 392 584 frequens
423 526 498 583 sit,
530 540 625 569 non
657 530 740 582 est,
772 541 855 570 cur
886 526 1053 583 omnia,
1086 541 1205 585 quae
1236 526 1361 585 apud
1392 526 1650 587 Sulpicium
1674 527 1757 571 Se·

156 619 337 654 ‚verum
366 604 607 662 leguntur,
654 604 704 647 in
735 603 938 648 medium
984 603 1229 663 proferam.
1291 604 1362 648 Eo
1394 619 1500 649 cum
1532 604 1757 649 Sallustio

173 686 221 725 et
242 681 380 726 Livio
412 696 439 726 a
461 685 720 726 ceterorum
751 681 1032 740 scriptorum
1063 696 1151 725 usu
1183 681 1418 741 Sulpicius
1450 682 1652 726 Severus
1683 696 1757 726 re-

173 758 309 814 cedit,
356 758 482 815 quod
514 757 816 816 participium
862 763 911 801 et
956 758 1309 802 substantivum
1360 758 1605 815 coniungit
1651 771 1758 801 cum

172 835 513 895 praepositione
545 834 656 891 „ob“
690 833 790 889 (cfr.
821 834 1042 892 Draeger,
1073 850 1107 879 s.
1129 834 1172 879 h.
1204 835 1266 879 H.
1297 850 1401 894 pag.
1426 834 1542 891 780).
1590 833 1700 879 Chr.
1721 834 1758 878 Ι.

178 913 245 969 15,
278 914 306 956 3
337 911 445 970 „sed
476 926 581 956 cum
612 911 672 957 ob
704 912 1002 957 interiectum
1034 912 1188 957 sinum
1218 912 1350 957 rubri
1380 912 1521 956 maris
1553 945 1564 957 .
1582 945 1592 956 .
1609 945 1620 956 .
1639 945 1650 955 .
1679 911 1759 956 via

174 991 403 1034 duceret“.
449 990 559 1033 Sall.
581 991 614 1034 J
615 1005 691 1047 ug.
727 992 795 1046 79,
820 992 844 1033 7
877 980 964 1046 „ob
995 1005 1095 1034 rem
1126 992 1431 1049 corruptam“.
1477 990 1582 1034 Liv.
1613 991 1654 1045 2,
1690 991 1757 1044 19,

179 1070 233 1113 10
264 1068 350 1125 „ob
382 1072 541 1127 erepta
570 1067 695 1112 bona
724 1067 1019 1126 patriamque
1050 1067 1356 1127 ademptam“.

318 1144 681 1188 Coniunctiones
712 1158 817 1188 cum
848 1144 1109 1204 participiis
1140 1145 1412 1189 coniunctas
1447 1148 1633 1203 praeter
1663 1143 1756 1186 usi-

174 1226 298 1266 tatas
341 1220 529 1279 „quasi“
560 1226 608 1265 et
639 1223 932 1279 „tamquam“
978 1221 1213 1280 Sulpicius
1244 1221 1445 1266 Severus
1492 1235 1758 1264 communes

174 1299 317 1342 habet
349 1312 455 1342 cum
486 1297 721 1354 Sallustio,
752 1298 903 1355 Livio,
937 1298 1122 1342 Tacito:

318 1375 562 1434 „quippe“:
612 1374 719 1420 Chr.
750 1375 811 1419 H.
849 1375 914 1431 15,
946 1376 976 1419 4
1013 1389 1191 1433 „neque
1223 1408 1232 1419 .
1250 1409 1260 1420 .
1277 1409 1287 1419 .
1306 1408 1316 1419 .
1349 1374 1757 1433 adquiescentibus

175 1453 353 1509 animis,
385 1453 590 1512 expertis
622 1452 831 1512 quippe“.
884 1452 993 1496 Sall.
1025 1451 1133 1496 hist.
1165 1453 1201 1496 Ι.
1232 1453 1303 1508 48,
1336 1453 1364 1496 5
1396 1451 1596 1511 „quippe
1627 1455 1757 1495 metu

174 1545 333 1590 pacem
363 1531 665 1589 repetentes“.
727 1529 831 1575 Liv.
864 1531 904 1586 3,
937 1531 1007 1586 63,
1041 1532 1069 1574 2
1100 1529 1299 1589 „quippe
1331 1529 1436 1574 fuso
1469 1544 1579 1573 suae
1608 1529 1756 1589 partis

174 1607 402 1653 validiore
429 1609 614 1653 c'ornu“.
676 1608 783 1653 Tac.
814 1607 921 1652 hist.
956 1609 994 1664 1,
1029 1609 1086 1652 72
1123 1607 1323 1667 „quippe
1353 1612 1426 1652 tot
1458 1606 1759 1652 interfectis“.

319 1685 605 1743 ‚,quamvis“:
646 1686 703 1729 D.
733 1685 819 1729 III.
855 1685 921 1742 15,
954 1686 983 1729 5
1028 1685 1270 1743 „quamvis
1301 1689 1463 1730 sancto
1496 1685 1621 1729 illius
1653 1700 1757 1730 san-

174 1763 317 1821 guine
348 1764 652 1808 consecrata“.
699 1763 805 1808 Tac.
829 1778 935 1807 ann.
971 1765 1008 1820 1,
1030 1765 1058 1808 6
1089 1762 1332 1821 „quamvis
1362 1763 1575 1807 firmatus
1605 1763 1759 1807 animo

176 1841 423 1885 centurio“.

319 1920 554 1979 „utpote“:
587 1919 693 1964 Chr.
714 1919 750 1963 Ι.
771 1920 842 1976 52,
865 1920 892 1964 3
924 1924 1115 1979 „utpote
1146 1918 1382 1978 obligatus
1414 1917 1590 1964 divinis
1617 1918 1758 1964 bene-

175 1997 330 2042 ficiis“.
392 1997 496 2043 Liv.
528 1998 569 2055 2,
601 1998 671 2054 33,
705 1999 731 2043 8
764 2002 956 2057 „utpote
987 2002 1125 2057 capta
1154 1997 1309 2042 urbe“.

320 2074 521 2132 „velut“:
572 2075 629 2119 D.
665 2075 701 2119 Ι.
751 2077 816 2131 18,
849 2076 878 2119 5
929 2075 1090 2132 „velut
1136 2074 1309 2132 frigido
1356 2089 1461 2119 rore
1506 2075 1767 2134 perfusus&

177 2151 286 2196 Sall.
317 2152 426 2210 Jug.
467 2154 538 2210 38,
571 2153 599 2195 2
644 2153 820 2210 „veluti
866 2152 1145 2197 cedentem“.
1207 2152 1312 2198 Liv.
1349 2155 1385 2209 1,
1429 2154 1496 2209 14,
1529 2154 1555 2197 8
1602 2152 1760 2209 „velut

177 2230 444 2288 trepidante
465 2231 717 2287 equitatu“.
766 2230 873 2274 Tac.
894 2230 1001 2274 hist.
1021 2232 1063 2287 4,
1088 2232 1139 2274 71
1175 2230 1333 2286 „velut
1365 2229 1577 2273 confecto
1598 2228 1759 2274 bello“.
