1961 3279
836 164 892 182 τό.
955 141 982 194 3
1045 165 1100 181 -κ

181 280 327 345 igitur
373 294 471 328 esse
515 295 611 325 non
655 284 826 341 potest,
874 280 989 341 quin
1038 272 1284 340 utriusque
1335 272 1573 341 scriptoris
1621 272 1765 324 libros

182 361 417 421 Sulpicius
469 359 670 404 Severus
717 357 923 406 studiose
952 358 1132 416 legerit.
1196 357 1290 403 Sed
1322 359 1573 416 quaeritur,
1604 363 1764 403 utrum

181 438 388 497 singulos
418 440 607 482 tantum
636 435 762 480 locos
793 435 872 481 vel
900 435 1158 480 locutiones
1187 435 1239 480 in
1268 435 1412 481 libros
1450 450 1557 480 suos
1598 438 1762 480 contu-

180 517 300 572 lerit,
332 530 393 560 an
421 515 569 559 totius
592 514 903 559 Sallustianae
934 518 982 558 et
1005 515 1222 559 Taciteae
1243 507 1519 559 elocutionis
1546 518 1763 558 naturam

182 598 230 638 et
259 592 594 652 proprietatem
640 592 851 636 imitatus
885 592 959 636 sit.
994 593 1145 646 Quam
1174 592 1226 636 in
1257 607 1355 637 rem
1387 592 1661 651 diligentius
1690 591 1762 634 in-

182 671 367 729 quirere
416 669 504 714 hac
555 668 946 714 commentatione
995 669 1111 713 mihi
1162 670 1393 730 proposui.
1456 669 1528 715 Eo
1572 667 1763 717 oonsilio

182 748 351 804 omnia,
385 762 504 805 quae
525 746 649 806 apud
680 747 941 806 Sulpicium
988 747 1213 792 Severum
1244 747 1294 792 in
1324 748 1464 792 rebus
1493 745 1763 805 grammati-

181 825 246 870 cis
292 824 351 869 ad
396 824 669 869 Sallustiani
700 829 748 869 et
780 824 959 869 Tacitei
989 825 1172 883 generis
1204 824 1390 870 dicendi
1421 825 1757 885 proprietatem

182 905 406 961 spectant,
439 901 620 958 collegi;
652 906 750 945 tam
776 902 926 945 multa
942 906 1099 945 autem
1139 902 1456 958 inveniuntur,
1489 901 1551 946 ut
1568 901 1764 945 dubium

182 994 281 1023 esse
295 993 391 1022 non
406 978 566 1037 possit,
593 978 709 1036 quin
725 978 958 1038 Sulpicius
974 978 1174 1023 Severus
1196 978 1246 1022 in
1262 983 1364 1023 toto
1395 994 1565 1037 genere
1580 977 1764 1023 dicendi

181 1055 380 1115 pendeat
411 1070 439 1099 a
469 1055 689 1099 Sallustio
721 1061 769 1099 et
802 1056 978 1100 Tacito.
1040 1057 1234 1099 Praeter
1279 1056 1493 1099 Sallustii
1530 1060 1578 1099 et
1610 1055 1763 1099 Taciti

181 1133 309 1178 Livii
340 1147 526 1190 quoque
556 1133 865 1178 elocutionem
895 1133 1087 1192 respexi,
1120 1133 1251 1177 cuius
1283 1133 1397 1177 satis
1443 1133 1619 1177 multae
1655 1147 1761 1192 pro-

181 1210 404 1269 prietates
435 1209 486 1253 in
516 1209 712 1269 Sulpicii
743 1209 907 1254 Severi
927 1209 1060 1255 libris
1088 1209 1409 1267 inveniuntur,
1441 1225 1560 1268 quae
1590 1210 1763 1270 partim

182 1287 240 1331 ad
272 1288 467 1346 Sulpicii
497 1288 659 1333 Severi
689 1288 999 1333 imitationem
1046 1289 1285 1333 'faciteam
1315 1288 1523 1334 revocari
1553 1293 1762 1348 possunt,

180 1365 366 1423 partim,
414 1365 587 1424 quippe
618 1380 738 1422 quae
768 1365 897 1409 Livii
928 1365 1070 1409 solius
1101 1367 1317 1425 propriae
1348 1370 1513 1421 essent,
1546 1380 1574 1409 a
1605 1365 1759 1423 Sulpi-

182 1443 252 1486 cio
283 1442 455 1487 Severo
486 1457 543 1485 ex
572 1442 701 1487 Livii
731 1442 877 1501 ipsius
909 1442 1128 1501 operibus
1159 1442 1354 1487 haustae
1385 1447 1506 1487 sunt.

325 1519 383 1563 In
413 1518 688 1564 universum
720 1523 877 1563 autem
907 1520 954 1563 in
978 1519 1223 1577 tractanda
1244 1520 1332 1564 hac
1351 1519 1548 1564 materia
1568 1518 1761 1563 eandem

181 1597 307 1640 viam
338 1596 451 1640 mihi
491 1597 743 1641 ineundam
775 1613 873 1641 esse
904 1598 1082 1656 putavi,
1114 1613 1255 1655 quam
1285 1598 1496 1655 Draeger
1525 1598 1761 1654 ingressus

182 1679 251 1718 est
283 1674 333 1718 in
363 1674 509 1731 libris,
541 1675 623 1733 qui
653 1675 991 1732 inscribuntur;
1041 1674 1342 1735 „historische
1373 1679 1545 1734 syntax
1581 1673 1664 1719 der
1693 1674 1761 1719 la-

180 1751 439 1796 teiniSchen
470 1752 690 1811 sprache“
728 1752 891 1808 (editio
923 1752 1124 1797 secunda
1154 1753 1326 1812 Lipsiis
1361 1752 1497 1811 1878)
1543 1757 1590 1796 et
1621 1752 1762 1809 „iiber

181 1833 352 1886 syntax
392 1829 490 1873 und
534 1830 614 1874 stil
662 1830 741 1873 des
789 1831 1004 1874 Tacitus“
1040 1830 1202 1885 (editio
1233 1830 1376 1874 tertia
1405 1830 1577 1889 Lipsiis
1612 1831 1760 1886 1882),

179 1919 274 1948 non
306 1920 397 1962 quo
429 1905 638 1950 ordinem
670 1922 698 1950 a
730 1907 963 1963 Draegero
1004 1907 1305 1951 observatum
1356 1907 1481 1949 omni
1527 1921 1584 1950 ex
1626 1911 1762 1965 parte

180 1982 435 2041 probarem,
478 1982 559 2028 sed
589 1988 645 2028 ut
675 1982 789 2029 haec
820 1983 1149 2030 commentatio
1182 1983 1335 2043 aptior
1366 1987 1486 2029 esset
1518 1982 1577 2029 ad
1608 1998 1760 2030 exem-

96 2091 98 2093 -
179 2059 258 2117 pla
290 2074 347 2103 ex
378 2060 480 2104 aliis
512 2060 829 2119 scriptoribuS,
862 2075 977 2118 quos
1008 2061 1217 2118 Draeger
1249 2060 1432 2116 attulit,
1466 2060 1761 2105 conferenda.
1823 2108 1826 2111 ,

180 2137 315 2189 Quod
361 2138 533 2183 attinet
581 2139 640 2183 ad
687 2139 934 2202 syntaxim,
982 2154 1177 2196 magnae
1223 2138 1340 2182 mihi
1387 2138 1531 2182 fuisse
1561 2138 1761 2183 utilitati

179 2213 522 2274 Lonnergrenii
568 2216 740 2261 librum
787 2217 879 2274 „De
927 2215 1136 2275 syntaxi,
1163 2215 1360 2277 Sulpicii
1406 2215 1592 2261 Severi“
1623 2220 1759 2275 grato

178 2293 332 2337 animo
379 2295 613 2352 profiteor.
675 2296 733 2338 In
780 2295 977 2353 Sulpicii
1024 2295 1186 2339 Severi
1224 2294 1356 2338 libris
1388 2294 1632 2339 laudandis
1664 2294 1762 2338 edi-

226 2526 313 2574 fuit)
339 2528 379 2564 in
404 2526 554 2565 modum
590 2527 821 2566 sollemnium
846 2540 930 2566 con·
1054 2528 1156 2566 nium
1181 2527 1432 2576 coniugiorum
1457 2527 1670 2574 denuberet;
1705 2528 1760 2565 in-

225 2592 408 2639 iugiorum
468 2593 708 2640 denupsisset.
738 2643 742 2647 .
770 2593 935 2631 Inditum
1056 2594 1244 2641 ditumque
1285 2595 1496 2641 imperatori
1541 2595 1759 2639 ssamneum3

225 2657 439 2704 imperatori
476 2659 694 2706 flammeum,
732 2661 834 2697 missi
871 2670 934 2696 au·
1057 2659 1122 2696 dos
1164 2662 1203 2695 et
1243 2659 1418 2706 genialis,
1460 2661 1561 2696 torus
1600 2662 1638 2696 et
1661 2660 1760 2696 faces

225 2723 361 2770 spices;
401 2722 465 2760 dos
503 2722 541 2761 et
577 2725 745 2772 genialis,
770 2727 871 2762 torus
897 2727 950 2762 et.
1057 2721 1252 2772 nuptiales,
1289 2727 1422 2761 cuncta
1462 2724 1629 2773 denique,
1666 2736 1761 2773 quae

225 2789 323 2826 faces
360 2791 544 2838 nuptiales
558 2820 568 2837 ,
610 2794 743 2828 cuncta
779 2791 934 2839 denique
1054 2791 1112 2827 vel
1136 2792 1175 2827 in
1199 2790 1344 2827 feminis
1360 2803 1433 2828 non
1451 2792 1529 2828 sine
1544 2792 1762 2829 verecundia

225 2856 410 2902 spectata,
458 2867 552 2903 quae
577 2857 690 2894 etiam
715 2858 754 2893 in
788 2857 934 2894 feminis
1055 2851 1337 2904 conspiciuntur,
1363 2858 1563 2904 spectata“.

224 2930 294 2957 nox
320 2923 470 2969 operit.“

1536 2983 1587 3030 1³1·
