1961 3279
172 257 353 289 summo
399 243 554 288 studio
592 248 640 288 et
686 258 842 289 amore
886 244 1135 302 indulgent
1180 242 1440 298 Sallustius,
1449 244 1482 298 ¹)
1531 240 1745 297 Liviusst)

174 322 418 380 Tacitus.⁸)
451 323 592 367 Hunc
621 322 841 381 loquendi
871 337 1009 367 usum
1041 322 1274 382 Sulpicius
1306 321 1508 366 Severus
1538 319 1748 364 imitatus

173 406 256 457 est,
302 401 384 458 qui
414 401 675 444 communia
704 401 847 444 habet
878 416 985 444 cum
1015 401 1168 444 tribus
1198 400 1293 443 illis
1324 413 1478 443 rerum
1511 397 1746 456 scriptori-

173 478 260 524 bus
290 482 476 538 praeter
496 478 802 524 usitat-issima
832 478 933 524 illa:
965 478 1182 537 „agitare,
1215 481 1414 537 captare,
1436 475 1625 532 dictare,
1657 473 1748 518 fre-

120 601 123 604 ,
173 560 411 613 quentare,
443 556 651 611 incitare,
683 549 914 612 insectari,
946 556 1167 611 minitari,
1200 555 1444 609 occultare,
1475 557 1749 606 sustentare,

172 634 407 690 suscitare,
438 639 633 687 tentare,
666 635 909 694 crepitare,
941 620 1184 694 palpitare,
1215 633 1402 688 usitare,
1425 632 1630 688 visitare,
1651 630 1748 675 vic-

171 711 326 768 titare,
349 710 614 769 adventare,
646 712 892 769 intentare,
913 711 1179 772 periclitari,
1207 709 1459 755 sciscitari“
1490 708 1625 753 haec:
1658 708 1748 752 cla-

171 790 338 833 mitare
383 790 488 834 Chr.
519 790 580 833 II.
616 792 682 845 13,
715 792 755 834 8.
815 791 914 833 Liv.
946 792 986 845 9,
1019 791 1089 845 24,
1120 792 1160 833 9.
1223 790 1328 833 Tac.
1362 789 1539 843 ann.*3,
1573 788 1643 831 23.
1691 811 1749 820 -

171 866 430 911 coniectare
460 867 516 911 D.
548 867 632 911 III.
664 868 705 923 4,
738 868 778 911 4.
824 866 921 912 Liv.
954 867 993 923 5,
1027 869 1096 924 21·⁷
1134 868 1200 911 16.
1240 866 1348 911 Tac.
1380 880 1486 910 ann.
1522 866 1558 922 1,
1591 865 1660 909 32.
1693 889 1750 896 -

170 944 440 1004 imperitare
488 944 594 989 Chr.
625 945 660 988 I.
701 945 775 1001 24,
813 939 849 988 1.
912 944 1017 989 Chr.
1049 945 1108 988 II.
1151 946 1190 1001 9,
1228 946 1263 987 1.
1326 943 1433 987 Sall.
1466 943 1576 1000 Jug.
1612 942 1678 997 19,
1715 942 1751 984 7.

170 1023 267 1067 Liv.
303 1025 339 1079 1,
362 1025 411 1079 2,
444 1025 483 1066 3.
546 1023 653 1066 Tac.
686 1038 790 1066 ann.
823 1024 863 1079 2,
897 1025 935 1066 2.
983 1048 1040 1055 —
1087 1022 1368 1082 increpitare
1408 1021 1514 1065 Chr.
1546 1021 1606 1064 H.
1638 1021 1678 1075 8,
1711 1020 1751 1063 5.

170 1100 267 1144 Liv.
303 1102 339 1157 1,
376 1102 412 1157 7,
446 1103 484 1144 2.
518 1127 575 1133 —
607 1101 842 1160 pensitare
873 1101 979 1146 Chr.
1011 1102 1071 1145 H.
1109 1103 1173 1158 19,
1207 1103 1246 1146 6.
1290 1103 1359 1157 21,
1391 1102 1432 1144 4.
1464 1101 1533 1156 25,
1565 1101 1605 1143 3.
1651 1097 1748 1141 Liv.

170 1179 211 1232 4,
243 1179 314 1233 41,
347 1179 386 1221 3.
419 1205 476 1211 ——
508 1179 715 1222 vocitare
746 1179 852 1223 Chr.
884 1180 919 1222 I.
951 1180 1021 1234 53,
1055 1181 1094 1222 2.
1126 1179 1229 1223 Chr.
1261 1178 1319 1221 II.
1352 1180 1391 1233 6,
1421 1180 1455 1220 1.
1493 1178 1620 1232 14,,2.
1651 1175 1748 1219 Liv.

170 1256 210 1311 4,
244 1256 313 1311 61,
350 1257 417 1300 10.
469 1255 574 1301 Tac.
606 1256 712 1300 hist.
748 1258 784 1313 1,
821 1257 887 1301 13.

314 1333 371 1375 Ι11
403 1333 546 1376 tertia
590 1348 788 1392 persona
818 1334 1012 1392 pluralis
1059 1333 1256 1392 perfecti
1287 1333 1429 1376 activi
1460 1346 1544 1391 pro
1575 1331 1750 1374 usitata

170 1409 500 1455 terminatione
530 1413 721 1468 „erunt“
753 1411 950 1456 formam
981 1412 1032 1455 in
1063 1413 1191 1468 „ere“
1224 1411 1513 1456 desinentem
1535 1408 1750 1468 usurpari

171 1488 284 1531 satis
317 1492 481 1533 notum
504 1493 595 1545 est,
628 1489 709 1533 sed
731 1489 1045 1550 discrepantia
1066 1489 1317 1534 intercedit
1347 1489 1472 1533 inter
1503 1487 1749 1547 scriptores
1837 1501 1842 1507 ·

171 1567 420 1622 Romanos,
454 1567 535 1624 qui
566 1567 685 1610 alius
717 1567 808 1611 alia
837 1567 1133 1626 potissimum
1165 1567 1314 1611 forma
1343 1571 1556 1610 utuntur.
1595 1565 1750 1608 Liceat

172 1643 288 1687 mihi
321 1644 498 1700 afferre,
531 1644 656 1702 quod
687 1645 885 1689 Kiihner
915 1645 943 1688 l.
965 1645 993 1689 1.
1024 1645 1060 1689 Ι.
1091 1660 1196 1704 pag.
1228 1646 1315 1689 437
1333 1659 1399 1702 sq.
1431 1643 1546 1687 dicit
1577 1641 1634 1686 de
1664 1641 1751 1685 hac

172 1736 243 1764 re:
291 1721 491 1779 „Cicero,
524 1722 704 1777 Caesar,
738 1721 1013 1766 Cornificius
1043 1721 1296 1766 bedienten
1328 1721 1425 1765 sich
1458 1719 1552 1765 fast
1582 1718 1749 1763 durch-

176 1813 280 1856 weg
326 1797 408 1842 der
453 1797 574 1842 form
619 1798 705 1843 auf
731 1805 919 1856 —runt,
966 1815 1056 1843 nur
1086 1800 1236 1845 selten
1283 1799 1365 1843 der
1396 1798 1484 1843 auf
1521 1813 1629 1841 ——re
1660 1831 1670 1840 .
1687 1830 1696 1840 .
1715 1830 1724 1840 .
1741 1830 1750 1839 .

175 1875 412 1933 hingegen
457 1875 540 1919 hat
572 1877 688 1919 Cato
736 1876 825 1920 wie
857 1892 905 1920 es
936 1876 1117 1920 scheint
1163 1876 1457 1934 gewohnlich
1504 1875 1579 1919 die
1628 1873 1751 1918 form

174 1952 260 1997 auf
287 1968 395 1997 —re
425 1953 684 2011 gebraucht
706 1988 715 1997 .
733 1988 742 1998 .
761 1988 796 1998 ..
829 1954 947 1998 auch
969 1954 1218 1999 Sallustius
1249 1954 1507 2013 gebraucht
1538 1953 1633 1998 fast
1664 1967 1753 1995 nur

175 2030 250 2074 die
296 2029 418 2074 form
455 2030 542 2074 auf
568 2046 686 2087 —re,
736 2031 813 2075 die
845 2031 930 2075 auf
957 2036 1126 2076 —runt
1159 2032 1309 2076 selten
1340 2065 1350 2076 .
1368 2066 1378 2076 .
1395 2065 1405 2076 .
1421 2064 1431 2076 .
1463 2031 1633 2082 andere
1683 2029 1752 2073 hi-

176 2108 379 2151 storiker
416 2108 717 2165 -gebrauchen
768 2109 904 2153 beide
948 2109 1131 2153 formen
1183 2110 1398 2154 ziemlich
1460 2109 1612 2167 gleich
1660 2106 1752 2161 oft3

176 2185 343 2231 Livius
389 2186 649 2243 gebraucht
699 2186 774 2231 die
821 2186 943 2231 form
988 2186 1074 2232 auf
1114 2201 1219 2231 —re
1259 2188 1508 2246 ungemein
1554 2184 1754 2243 haufig“.

175 2263 350 2307 Multos
381 2263 487 2307 illos
518 2264 644 2308 locos
690 2264 997 2308 Sallustianos
1027 2266 1165 2309 Laws
1177 2267 1214 2321 ⁴)
1260 2265 1512 2323 diligenter
1542 2269 1590 2308 et
1621 2278 1753 2307 accu-

175 2344 276 2384 rate
307 2341 509 2399 collegit,
557 2345 604 2386 et
636 2356 776 2399 quam
808 2343 868 2386 sit
900 2343 1062 2387 crebra
1092 2342 1206 2387 haec
1236 2342 1421 2387 brevior
1451 2342 1602 2386 forma
1631 2339 1755 2400 apud

177 2418 391 2462 Tacitum
413 2418 639 2474 invenies,
667 2434 946 2477 quocunque
965 2421 1067 2464 1000
1090 2421 1189 2463 eius
1210 2420 1354 2464 libros
1375 2420 1618 2464 evolveris.
1649 2418 1753 2461 Sul-

175 2495 324 2553 picius
356 2494 557 2541 Severus
589 2511 774 2554 quoque
805 2496 982 2542 formae
1012 2498 1063 2542 in
1095 2513 1232 2542 —ere
1263 2497 1475 2545 exeuntis
1507 2501 1577 2543 est
1599 2510 1755 2542 eman-

322 2697 359 2745 1)
386 2698 577 2736 Schultze:
612 2699 689 2744 „De
714 2699 927 2737 archaismis
953 2699 1209 2737 Sallustianis“
1237 2711 1321 2747 pag.
1347 2699 1404 2739 67.

322 2764 361 2811 2)
388 2764 560 2801 Kiihnast
583 2765 607 2801 1.
634 2765 659 2801 l.
685 2777 770 2812 pag.
796 2765 878 2802 343.

321 2829 361 2876 3)
389 2830 627 2874 Schoenfeld3
657 2830 733 2875 „De
758 2831 880 2868 Taciti
906 2832 1038 2869 studiis
1064 2830 1320 2868 Sallustiani?
1348 2844 1432 2879 pag.
1460 2832 1516 2871 18.

320 2894 360 2941 4)
389 2896 466 2941 „De
492 2895 638 2933 dicendi
663 2906 796 2943 genere
822 2896 991 2934 Sallustii
1016 2883 1297 2934 commentati&
1325 2908 1410 2944 pag.
1438 2897 1484 2933 10
1496 2908 1549 2949 sq.
