1961 3279
848 104 1145 157 —16*—-

194 242 232 287 Ι.
268 243 308 298 5,
346 244 366 286 1
406 241 672 301 „Abraham
704 247 862 287 autem
893 247 1029 302 patre
1062 243 1218 289 'Phara
1249 243 1433 289 natus“.
1498 234 1604 289 Chr.
1627 235 1664 289 Ι.
1695 246 1735 301 6,
1759 238 1788 288 2

199 324 341 380 „tunc
373 319 416 364 ei
448 324 590 379 atque
621 319 755 365 uxori
803 320 901 365 eius
933 319 1194 366 adiectione
1225 321 1364 366 unius
1394 322 1580 367 litterae
1613 336 1783 367 nomen

194 397 540 442 immutatum“.
563 424 618 433 -
636 399 829 454 „sunt“:
863 398 970 459 Chr.
1004 398 1040 442 Ι.
1076 401 1146 455 23,
1180 402 1208 443 3
1241 401 1343 456 „ita
1379 400 1458 444 ille
1491 435 1500 444 .
1521 435 1531 444 .
1553 435 1562 444 .
1583 436 1593 444 .
1627 415 1787 460 super-

194 475 327 520 venit
373 490 599 534 caesaque
645 474 704 520 ad
750 475 1118 520 internecionem
1164 476 1316 521 multa
1363 475 1572 521 hostium
1618 477 1784 522 milia“.

195 553 303 598 Chr.
336 554 373 597 I.
408 555 479 609 24,
517 556 537 597 1
587 553 756 610 „huius
789 552 935 597 ductu
966 568 1040 597 res
1087 568 1306 612 prospere
1335 556 1541 612 gestae“.
1605 555 1712 599 Chr.
1746 556 1783 599 Ι.

195 632 266 690 29,
289 631 316 676 5
350 630 517 689 „tertio
553 632 631 687 (sc.
662 630 860 691 proelio)
892 629 1079 676 demum
1110 631 1403 677 Beniamitae
1434 632 1553 678 victi
1574 632 1788 692 caesique

195 710 255 753 ad
286 710 693 753 internecionem“.
1599 699 1605 706 ⁵

339 787 613 847 Imperfecti
660 786 907 831 indicativi
954 787 1132 832 formae
1181 787 1467 833 omittuntur
1509 803 1538 833 a
1581 789 1787 848 Sulpicio

195 865 392 910 Severo:
426 866 601 921 „erat“:
634 864 742 909 Chr.
766 865 802 908 Ι.
832 867 898 921 10,
922 867 948 909 6
981 880 1141 921 „carus
1164 865 1414 910 admodum
1437 865 1615 925 ‚Ioseph
1663 867 1788 925 patri

196 944 350 1000 obque
381 943 430 985 id
461 942 644 986 invisus
676 942 948 985 fratribus“.
993 941 1100 985 Chr.
1125 943 1161 985 Ι.
1196 945 1267 998 33,
1290 944 1318 986 5
1350 948 1529 999 „castra
1561 977 1601 986 ..
1621 977 1630 985 .
1664 944 1787 1001 peri-

196 1021 354 1066 culum
402 1019 731 1077 ostendebant,
781 1034 934 1078 neque
965 1019 1183 1078 cuiquam
1231 1019 1429 1066 exeundi
1475 1020 1527 1065 in
1557 1020 1788 1081 proelium

197 1099 416 1142 animus“.
468 1098 575 1141 Chr.
601 1098 664 1141 ΙΙ.
691 1099 762 1153 46,
784 1099 813 1141 4
845 1098 1069 1155 „vigilare
1102 1133 1110 1141 .
1132 1133 1140 1141 .
1163 1133 1171 1141 .
1193 1133 1201 1142 .
1236 1104 1432 1158 poterat,
1466 1098 1671 1143 habendi
1701 1099 1787 1141 mi-

198 1178 324 1221 nime
356 1176 565 1236 cupidus,
607 1175 774 1220 utendi
804 1175 1142 1234 parcissimus“.
1206 1177 1261 1221 E.
1295 1177 1381 1221 ΙΙΙ.
1419 1179 1474 1222 10
1505 1186 1645 1234 „tunc
1675 1191 1787 1222 vero

198 1269 379 1299 maeror
424 1258 472 1298 et
503 1254 658 1298 luctus
706 1253 915 1297 omnium
953 1258 1000 1297 et
1031 1268 1125 1298 vox
1154 1269 1248 1299 una
1278 1254 1640 1314 plangentium“.
1704 1254 1785 1299 cfr.

196 1334 300 1376 Liv.
336 1334 376 1388 8,
413 1334 480 1388 17,
518 1334 573 1376 10
604 1346 685 1388 „eo
718 1332 973 1375 certamine
1005 1333 1217 1391 superior
1247 1332 1552 1376 Alexander“.

341 1410 547 1466 „erant“:
580 1409 688 1454 Chr.
722 1410 782 1453 Π.
823 1411 888 1466 18,
916 1410 943 1453 5
976 1409 1111 1466 „inde
1142 1410 1267 1454 inter
1297 1411 1519 1455 ‚Iasonem
1551 1415 1598 1455 et
1630 1411 1786 1455 Mene-

195 1488 322 1532 laum
354 1486 492 1531 foeda
524 1487 819 1531 certamina“.
884 1487 988 1531 Liv.
1024 1488 1064 1543 5,
1098 1489 1167 1543 26,
1201 1489 1228 1531 9
1271 1488 1476 1543 „obsidio
1515 1488 1625 1533 inde
1656 1489 1787 1533 urbis

196 1570 244 1610 et
276 1564 600 1609 munitiones“.
665 1564 814 1623 Saepe
861 1564 986 1624 apud
1018 1564 1237 1609 Tacitum
1281 1567 1445 1622 „erat“
1477 1566 1554 1611 vel
1586 1567 1783 1623 „erant“

196 1644 368 1688 omissa
399 1650 524 1687 sunt.

340 1721 397 1765 In
430 1721 688 1765 enuntiatis
720 1719 1006 1764 secundariis
1038 1720 1272 1778 Sulpicius
1304 1720 1506 1766 Severus
1537 1720 1784 1766 indicativi

196 1798 372 1843 formas
404 1798 539 1843 verbi
571 1797 858 1843 substantivi
893 1797 1074 1841 omittit
1105 1798 1490 1857 praecedentibus
1519 1799 1782 1859 particulis:

196 1882 458 1937 postquam,
493 1892 612 1934 cum,
646 1879 768 1936 quia,
801 1877 895 1933 ubi,
929 1877 1087 1922 donec.

342 1958 667 2016 „postquam“:
700 1955 807 2001 Chr.
830 1955 892 1999 H.
918 1956 988 2012 30,
1011 1956 1039 2000 2
1071 1971 1216 2014 „quae
1247 1959 1497 2015 postquam
1526 1954 1585 2000 ad
1607 1956 1783 2016 Vespa-

196 2034 379 2078 sianum
412 2033 603 2079 delata“.
667 2033 749 2078 cfr.
782 2033 891 2077 Sall.
926 2034 1031 2090 Jug.
1072 2034 1168 2089 109,
1202 2034 1230 2076 2
1262 2037 1536 2091 „postquam
1675 2047 1781 2077 con-

196 2111 383 2170 gressi“.
447 2112 551 2156 Liv.
589 2112 658 2168 21,
696 2113 762 2168 15,
797 2112 824 2155 3
866 2115 1058 2167 „octavo
1091 2125 1249 2155 mense
1281 2126 1421 2169 quam
1453 2115 1670 2170 coeptum
1702 2126 1783 2170 op·

195 2190 398 2250 pugnari
430 2195 619 2250 captum
641 2190 907 2248 Saguntum
940 2224 949 2233 .
970 2224 978 2233 .
1000 2224 1009 2233 .
1029 2190 1066 2232 .“
1116 2189 1223 2233 Tac.
1248 2203 1353 2233 ann.
1389 2190 1428 2245 2,
1451 2190 1478 2232 9
1509 2193 1783 2249 „postquam

195 2268 429 2326 digressi“.
466 2294 521 2299 ——
555 2269 736 2325 „cum“:
771 2266 878 2312 Chr.
912 2267 973 2311 ΙΙ.
1010 2268 1079 2323 33,
1113 2269 1140 2311 6
1188 2281 1324 2323 „cum
1375 2267 1425 2310 in
1478 2267 1655 2312 caelum
1687 2267 1782 2311 Do-

195 2347 350 2390 minus
381 2346 507 2391 nube
539 2346 790 2391 sublatus“.
855 2345 963 2389 Sall.
998 2345 1108 2403 Jug.
1146 2346 1213 2402 71,
1250 2347 1271 2388 1
1318 2344 1427 2401 „sed
1458 2360 1564 2389 cum
1594 2359 1674 2390 eae
1704 2345 1782 2389 lit-

198 2430 327 2471 terae
359 2424 582 2471 adlatae“.
645 2425 750 2470 Liv.
777 2426 845 2482 29,
872 2426 940 2481 10,
967 2426 987 2468 1
1022 2438 1154 2481 „cum
1184 2424 1235 2468 P.
1269 2423 1442 2468 Licinii
1472 2423 1658 2473 litterae
1687 2423 1783 2468 Ro-

195 2518 319 2548 mam
351 2503 574 2547 adlatae“.
611 2528 667 2534 —-
700 2503 879 2560 „quia“:
913 2502 1021 2546 Chr.
1055 2502 1116 2545 11.
1149 2503 1220 2557 23,
1250 2503 1277 2545 2
1310 2502 1448 2559 „quia
1477 2501 1620 2545 infido
1652 2502 1782 2559 inge-

194 2581 275 2626 nio
307 2582 429 2626 male
459 2582 610 2626 usus“.
662 2581 770 2626 Sall.
796 2581 907 2638 Jug.
937 2581 1003 2636 18,
1031 2581 1086 2624 12
1117 2575 1254 2638 „quia
1283 2579 1459 2624 Libues
1491 2594 1630 2638 quam
1663 2579 1782 2624 Gae-

194 2659 287 2704 tuli
332 2659 488 2704 minus
534 2659 782 2704 bellicosi“.
848 2658 954 2702 Tac.
989 2672 1094 2702 ann.
1130 2658 1170 2714 6,
1203 2658 1260 2702 37
1309 2657 1446 2716 „quia
1489 2671 1647 2702 eorum

183 2739 368 2782 -certior
407 2738 561 2782 fides“.
612 2763 667 2769 --
714 2737 865 2793 „ubi“:
914 2737 1021 2780 Chr.
1055 2737 1116 2780 ΙΙ.
1149 2737 1188 2791 2,
1222 2738 1249 2779 3
1295 2736 1446 2793 „quod
1477 2736 1559 2781 ubi
1591 2737 1781 2780 Daniele

196 2817 523 2877 compertum⁴‘.
576 2816 684 2861 Sall.
719 2816 825 2875 Jug.
864 2816 932 2873 77,
955 2815 982 2859 3
1014 2813 1121 2873 „ubi
1154 2829 1207 2859 ea
1237 2813 1527 2875 impetrata&
1579 2813 1685 2860 Liv.
1711 2815 1781 2873 22,

196 2898 236 2959 5,
270 2898 297 2940 6
329 2896 436 2953 „ubi
468 2896 515 2938 in
549 2896 699 2939 omnis
731 2895 877 2955 partis
910 2894 1197 2952 nequiquam
1228 2894 1431 2953 impetus
1464 2893 1628 2954 capti“.
1672 2894 1779 2938 Tac.
