1961 3279
793 107 1088 159 mn„=

153 254 258 292 ann.
294 247 334 303 2,
356 247 414 291 83
444 243 552 302 „ubi
583 247 852 291 crematus“.
888 272 943 278 —
975 246 1192 303 „donec“:
1224 247 1330 292 Chr.
1353 243 1413 291 ΙΙ.
1438 247 1478 304 9,
1505 247 1525 291 1
1561 240 1736 304 „donec

153 323 405 369 centesimo
437 322 535 369 fere
556 338 678 369 anno
846 322 906 369 ab
938 322 1224 370 aedificando
1246 323 1497 370 deterriti“.
1535 324 1641 370 Liv.
1669 328 1737 382 10,

156 404 194 458 1,
216 402 245 445 5
276 400 450 458 „donec
481 435 490 445 .
512 436 522 445 .
543 436 552 445 .
586 400 743 446 fauces
765 402 999 459 congestis
1029 402 1173 465 lignis
1205 404 1460 447 aocensae“.
1500 403 1606 447 Tac.
1629 418 1735 447 ann.

152 480 194 535 4,
229 478 286 522 74
316 476 489 535 „donec
518 477 569 522 id
600 492 786 537 quoque
815 478 1057 523 vetitum“.

296 555 437 600 Haud
466 569 572 600 raro
617 556 669 599 in
700 556 957 601 enuntiatis
989 556 1201 600 relativis
1233 556 1431 600 verbum
1479 556 1735 601 substanti-

153 647 267 679 vum
315 632 447 679 deest
494 632 620 694 apud
650 632 908 693 Sulpicium
955 633 1192 680 Severum.
1257 632 1339 678 cfr.
1374 633 1480 679 Chr.
1511 633 1573 679 H.
1605 634 1678 691 46,
1714 636 1735 678 1

154 717 443 769 „sequuntur
473 717 698 771 tempora,
738 712 909 769 quibus
939 726 1034 755 non
1065 712 1242 756 usitato
1273 712 1394 755 malo
1426 710 1634 771 pollutae
1664 727 1737 756 ec-

154 788 322 833 clesIae
352 795 401 834 et
431 789 626 834 turbata
646 789 840 833 omm'a“.
887 788 969 834 cfr.
992 789 1098 833 Liv.
1127 791 1193 845 10,
1216 790 1286 845 30,
1307 790 1337 833 4
1370 803 1489 847 „quo
1510 789 1562 833 in
1583 790 1737 834 Senti-

155 865 258 910 nati
289 880 401 923 agro
434 866 697 910 bellatum“.
743 866 851 910 Tac.
876 881 981 910 ann.
1021 868 1057 921 1,
1080 867 1138 910 33
1169 880 1394 923 „quorum
1427 881 1591 911 causae
1622 866 1737 911 acri-

155 944 293 986 ores“.
358 943 467 986 Sall.
501 944 611 1000 Jug.
646 945 717 998 89,
749 944 789 986 5.

298 1019 602 1066 Coniunctivi
633 1018 810 1065 formae
840 1020 1038 1070 omissae
1068 1024 1196 1065 sunt:
1229 1019 1336 1066 Chr.
1369 1019 1430 1066 H.
1466 1022 1507 1079 4,
1537 1022 1565 1067 6
1596 1020 1738 1080 „quid

154 1097 212 1141 de
243 1112 299 1141 ea
328 1102 491 1157 postea
533 1103 702 1153 actum,
743 1098 884 1141 sacris
913 1098 1088 1141 litteris
1128 1097 1329 1141 siletur“.
1393 1098 1500 1141 Chr.
1534 1099 1571 1141 Ι.
1610 1100 1676 1154 19,
1709 1100 1737 1142 5

155 1175 304 1231 „iusto
352 1174 510 1220 dolore
556 1175 819 1234 improbum
865 1174 1092 1235 populum
1131 1174 1223 1219 nisi
1253 1189 1281 1219 a
1309 1174 1474 1233 Moyse
1521 1179 1737 1220 exoratus

156 1251 392 1296 delesset“.
437 1252 493 1296 E.
517 1252 578 1296 Π.
617 1252 669 1296 17
702 1266 821 1310 „quo
853 1267 959 1312 spes
989 1256 1151 1296 nostra
1180 1250 1397 1308 tenenda,
1430 1266 1523 1310 quo
1556 1252 1738 1297 animus

155 1329 438 1387 dirigendus,
485 1330 745 1374 instruxit“.
809 1330 865 1373 D.
900 1331 936 1373 I.
975 1332 1041 1385 ll,
1073 1332 1103 1373 4
1150 1343 1282 1385 „cum
1326 1329 1526 1386 ingressi
1561 1331 1738 1389 pariter

156 1406 305 1463 ambo,
338 1406 631 1466 conspiciunt
661 1406 925 1466 palmiciam
957 1407 1204 1466 sportam“.
1261 1404 1343 1450 cfr.
1378 1405 1486 1450 Sall.
1520 1406 1631 1465 Jug.
1666 1409 1737 1464 88,

157 1487 184 1529 6
216 1499 302 1541 „an
333 1484 596 1528 mobilitate
626 1484 807 1542 ingenii
844 1498 1004 1543 pacem
1036 1488 1179 1541 atque
1209 1483 1383 1527 bellum
1414 1488 1597 1528 mutare
1628 1484 1736 1528 soli-

154 1563 269 1606 tus“.
334 1559 438 1607 Liv.
471 1562 543 1618 42,
575 1561 615 1617 5,
649 1562 676 1605 3
723 1566 802 1618 „ut
835 1575 953 1619 quae
983 1560 1070 1605 sub
1102 1560 1286 1605 dicione
1329 1560 1429 1605 eius
1458 1561 1599 1607 urbes
1632 1597 1641 1606 .
1662 1597 1671 1606 .
1692 1597 1702 1606 .
1725 1597 1734 1606 .

150 1639 366 1683 vellent‘fl
408 1639 515 1683 Tac
540 1653 645 1683 ann.
675 1640 711 1695 1,
739 1640 789 1681 11
824 1652 899 1694 „se
931 1635 1159 1694 didicisse,
1192 1652 1333 1696 quam
1365 1638 1574 1695 arduum,
1598 1653 1737 1696 quam

150 1716 412 1761 subiectum
443 1715 660 1760 fortunae
689 1714 883 1773 regendi
915 1720 1084 1760 cuncta
1114 1717 1269 1760 onus“.

294 1774 567 1838 Infinitivus
599 1792 796 1850 „fuisse“
829 1792 980 1836 deest:
1012 1792 1119 1836 Chr.
1143 1793 1203 1837 H.
1233 1795 1300 1850 11,
1326 1795 1349 1837 7
1383 1791 1491 1850 „sed
1522 1807 1734 1838 consum-

150 1871 293 1916 matio
324 1871 571 1916 restitutae
601 1871 729 1915 urbis
760 1871 920 1915 XXX.
939 1875 987 1915 et
1006 1871 1069 1916 H.
1102 1871 1287 1930 imperii
1308 1871 1583 1916 Artaxerxis
1613 1887 1736 1917 anno

150 1947 393 1994 refertur“.
458 1948 564 1993 Chr.
579 1959 582 1962 ·
598 1948 660 1994 ΙΙ.
698 1949 764 2005 14,
796 1949 825 1993 4
871 1945 1040 2006 „idque
1071 1947 1149 1993 vel
1180 1963 1236 1993 ex
1267 1947 1356 1994 hoc
1387 1949 1578 2006 conicio,
1610 1947 1736 2008 quod

150 2026 275 2070 idem
308 2026 464 2071 Ochus
631 2031 801 2070 natura
831 2026 1025 2069 immitis
1056 2025 1348 2084 cupidusque
1380 2027 1607 2071 bellorum
1638 2032 1733 2071 tra-

151 2102 316 2148 ditur“.
380 2103 436 2147 D.
460 2103 546 2147 III.
585 2104 651 2159 17,
674 2104 702 2148 6
734 2102 911 2160 „sciant
942 2102 1167 2159 Athenae,
1201 2117 1297 2148 non
1327 2104 1654 2163 sapientiorem
1687 2104 1736 2148 in

151 2180 386 2226 academia
406 2181 652 2225 Platonem
683 2195 769 2225 nec
790 2180 1026 2225 Socratem
1057 2180 1108 2224 in
1130 2195 1310 2226 carcere
1331 2180 1574 2226 fortiorem
1607 2217 1616 2225 .
1638 2217 1647 2226 .
1667 2217 1676 2226 .
1696 2183 1736 2225 .“

153 2259 234 2304 cfr.
270 2260 377 2305 Tac.
402 2274 507 2304 ann.
536 2262 572 2316 1,
596 2261 654 2304 80
685 2263 833 2316 „sunt,
866 2259 948 2317 qui
969 2259 1265 2316 existumant,
1297 2264 1351 2304 ut
1383 2259 1605 2305 callidum
1635 2260 1735 2304 eius

152 2337 405 2395 ingenium,
441 2338 511 2399 ita
540 2336 732 2381 anxium
762 2336 1025 2381 iudicium“.
1079 2337 1331 2382 Sallustius
1363 2337 1622 2395 aliquotieS,
1654 2337 1733 2381 Li-

151 2416 257 2461 vius
289 2421 337 2461 et
369 2415 559 2461 Tacitus
606 2430 743 2476 saepe
774 2415 972 2473 „fuisse“
1003 2416 1231 2460 omittunt
1279 2415 1403 2475 apud
1433 2414 1733 2475 participium

151 2493 301 2538 futuri
348 2493 504 2538 activi.
572 2493 655 2538 cfr.
701 2494 810 2538 Sall.
845 2494 946 2538 Cat.
996 2495 1065 2550 27,
1099 2495 1139 2537 2.
1203 2494 1308 2538 Liv.
1343 2494 1413 2548 23,
1447 2494 1486 2549 2,
1519 2493 1558 2536 5.
1624 2492 1732 2537 Tac.

152 2586 257 2616 ann.
293 2572 332 2629 2,
366 2572 436 2615 31.

1595 2958 1621 3010 ba«
