1961 3279
470 783 708 863 Pars·
753 782 1080 873 altera:
1128 783 1287 866 De·
1315 761 1568 868 stilo-

983 1062 1044 1136 I.

543 1204 649 1274 De
704 1205 1055 1275 orationis.
1083 1205 1477 1275 variatione.

363 1384 596 1437 Quoniam
641 1384 869 1428 hactenus
917 1383 1135 1439 vidimus,
1184 1383 1446 1443 Sulpicium
1492 1384 1718 1428 Severum
1755 1387 1806 1427 in

217 1462 356 1514 rebus
387 1461 707 1521 grammaticis
729 1461 879 1506 multa
909 1476 966 1506 ex
987 1461 1223 1518 Sallustio,
1254 1461 1407 1519 Livio,
1432 1462 1597 1508 Tacito
1618 1466 1803 1510 mutua-

218 1546 321 1585 tum
341 1556 467 1597 vesse,
501 1540 731 1599 sequitur,
754 1545 810 1585 ut
830 1555 956 1585 nunc
988 1545 1244 1586 tractemus
1264 1545 1420 1585 totum
1450 1555 1599 1599 genus
1619 1540 1806 1586 dicendi

219 1619 417 1679 Sulpicii
443 1619 606 1663 Severi
638 1627 782 1677 atque
814 1633 1133 1678 comparemus
1165 1633 1270 1663 cum
1302 1619 1411 1662 stilo
1443 1619 1588 1674 trium
1618 1619 1805 1665 illorum

218 1712 375 1741 rerum
408 1697 704 1756 scriptorum.
747 1696 818 1741 Ac
848 1697 1046 1756 primum
1070 1696 1257 1755 quidem
1291 1696 1499 1742 dicamus
1531 1696 1588 1741 de
1609 1697 1806 1757 Sulpicii

219 1775 383 1820 Severi
415 1774 573 1820 studio
607 1774 833 1827 orationis
865 1775 1130 1830 variandae.
1183 1775 1301 1819 Cum
1333 1775 1513 1820 classici
1543 1776 1806 1834 scriptores,

219 1852 301 1910 qui
333 1856 576 1908 vocantur,
603 1866 784 1895 summo
817 1865 975 1896 amore
1005 1851 1054 1895 id
1085 1851 1341 1908 studerent,
1372 1856 1427 1896 ut
1459 1866 1617 1896 omnes
1648 1857 1805 1912 partes

218 1930 443 1979 orationis
490 1930 615 1976 inter
645 1945 694 1975 se
726 1944 830 1983 cum
864 1929 1180 1974 concinnitate
1229 1929 1432 1989 quadam
1453 1930 1805 1988 consentirent,

218 2009 311 2053 iam
334 2024 361 2052 a
377 2008 645 2064 Sallustio¹)
670 2008 782 2053 haec
805 2008 1095 2061 concinnitas
1117 2023 1257 2068 saepe
1273 2008 1452 2056 violata
1472 2013 1563 2065 est;
1595 2009 1761 2054 Livius
1770 2010 1804 2065 ²)

221 2092 270 2133 et
300 2086 531 2147 imprimis
563 2086 798 2142 Tacitusi’)
832 2086 883 2130 in
916 2085 1003 2130 hoc
1035 2085 1191 2130 studio
1224 2086 1449 2131 orationis
1465 2087 1729 2132 variandae
1750 2102 1805 2132 eo

219 2164 600 2228 progrediuntur,
633 2169 688 2208 ut
719 2164 816 2210 stili
848 2164 1096 2222 utriusque
1128 2164 1190 2208 sit
1221 2164 1497 2223 proprietas,
1529 2179 1668 2222 quam
1701 2165 1805 2209 Sul-

218 2243 372 2304 picius
401 2243 604 2288 Severus
636 2242 850 2295 imitatus
881 2247 963 2287 est.

365 2321 440 2366 Ita
470 2325 803 2380 permutantur
825 2321 953 2382 ‚inter
983 2336 1056 2366 set

372 2403 415 2458 1)
453 2399 733 2459 „tempora“:
771 2400 921 2460 Saepe
941 2400 991 2444 in
1013 2399 1173 2445 eadem
1206 2400 1528 2446 enuntiatione
1547 2390 1807 2460 perfectum

219 2495 247 2524 a
278 2479 515 2538 praesenti
546 2479 768 2524 historico
801 2479 1032 2539 excipitur
1064 2479 1141 2524 vel
1173 2479 1261 2523 hoc
1292 2479 1351 2524 ab
1383 2479 1475 2524 illo.
1508 2479 1614 2524 Chr.
1647 2480 1682 2524 Ι.
1714 2482 1755 2537 4,
1783 2482 1803 2524 1

223 2573 359 2617 „mox
391 2573 418 2602 a
438 2558 540 2602 Deo
573 2550 678 2602 cum
700 2557 796 2614 filio
830 2557 1124 2602 benedicitur
1155 2562 1548 2617 praeceptumque
1586 2557 1807 2617 accepit“.

369 2774 405 2821 1)
431 2772 613 2811 Lam-ech:
643 2773 720 2819 „De
738 2772 906 2812 Sallustii
925 2774 1085 2822 ingenio,
1112 2776 1191 2811 arte
1208 2774 1425 2821 rationeque
1450 2772 1617 2811 dicendi“
1645 2785 1730 2822 pag.
1748 2773 1807 2812 24.

364 2842 403 2887 2)
430 2840 604 2877 Ki‘ihnast
627 2840 653 2877 1.
679 2840 704 2877 1.
730 2852 815 2887 pag.
840 2841 925 2877 324.

365 2906 404 2959 3)
429 2907 607 2955 Draeger,
633 2906 785 2944 Tacitus
810 2917 895 2956 pag.
922 2907 968 2944 99
982 2918 1060 2955 sqq.
