1961 3279
791 124 1086 175 —36—

140 255 412 305 clauserat“.
458 256 540 305 cfr.
571 259 676 305 Liv.
711 261 749 316 7,
780 261 819 317 2,
848 262 895 305 11
936 266 1213 320 „postquam
1245 295 1282 306 ..
1299 296 1309 306 .
1341 277 1415 307 res
1446 255 1731 307 avocabatur

140 344 188 382 et
219 337 358 382 ludus
389 339 439 382 in
471 343 620 383 artem
651 338 881 398 paulatim
913 339 1167 384 verterat“.

285 415 361 459 Ad
393 414 907 475 plusquamperfectum
940 431 968 459 a
987 416 1197 475 perfecto
1229 417 1403 461 transit
1424 416 1591 461 oratio:
1623 415 1730 460 Chr.

139 493 175 537 I.
202 495 268 558 120,
292 494 320 537 5
355 493 467 552 „filii
500 493 599 538 eius
632 492 885 550 aliquando
917 494 976 538 ab
1004 508 1065 538 eo
1097 528 1107 538 .
1125 528 1135 538 .
1152 528 1162 538 .
1178 527 1188 538 .
1220 499 1524 550 secesserunt,
1554 494 1730 552 Joseph

139 575 299 614 tamen
332 575 379 613 et
411 570 661 614 Beniamin
693 584 868 630 parvus
900 569 1027 614 domi
1058 570 1369 616 resederant“.
1413 570 1520 616 Chr.
1536 570 1596 615 II.
1614 571 1725 628 35,1

143 664 373 706 „namque
421 653 523 691 tum
555 648 759 692 haeresis
790 648 996 692 Arriana
1040 649 1255 708 prorupit
1286 653 1535 706 totumque
1570 649 1730 692 orbem

139 725 314 770 iniecto
365 739 521 769 errore
566 724 886 770 turbaverat“.
949 724 1031 770 cfr.
1062 725 1167 771 Liv.
1204 728 1269 783 10,
1301 726 1373 783 44,
1404 727 1434 770 4
1478 725 1731 785 „Nautium

139 808 331 862 propter
377 802 736 862 expeditionem,
784 818 878 860 qua
908 836 918 846 .
936 836 946 847 .
964 836 973 846 .
1006 808 1239 847 terruerat
1280 803 1449 859 hosteS,
1495 804 1730 848 Juvenem

140 881 380 940 Papirium
411 884 607 939 propter
637 884 858 924 navatam
891 895 1093 939 operam,
1125 881 1236 938 quia
1261 914 1271 924 .
1288 914 1298 925 .
1315 914 1325 924 .
1357 879 1513 925 fecit“.

285 956 622 1016 Imperfectum
644 961 692 1001 et
714 972 933 1016 praesens
956 956 1230 1001 historicum
1252 961 1599 1017 permutantur:
1622 956 1730 1002 Chr.

139 1036 199 1078 H.
223 1037 263 1090 6,
287 1036 315 1078 3
351 1035 535 1092 „subito
557 1050 639 1078 rex
660 1036 710 1078 in
741 1035 921 1093 pariete
952 1035 1253 1093 conspicatur
1274 1035 1449 1092 digitos
1475 1035 1730 1079 scribentes

140 1112 546 1170 cernebanturque
576 1112 627 1156 in
649 1128 837 1158 versum
870 1112 1038 1157 ductae
1059 1113 1287 1158 litterae“.
1332 1113 1393 1158 M.
1416 1114 1486 1170 23,
1513 1115 1567 1158 10
1601 1118 1730 1172 „tum

140 1204 252 1233 vero
285 1190 427 1233 reniti
474 1205 528 1233 ac
558 1190 812 1234 reclamare
843 1191 983 1234 miser
1014 1191 1167 1250 coepit
1208 1190 1607 1249 interdictumque
1639 1190 1730 1234 sibi

140 1282 240 1310 esse
272 1267 501 1311 dicebat“.
563 1268 620 1310 D.
655 1269 690 1311 Ι.
723 1269 793 1322 22,
825 1269 854 1310 4
896 1268 1147 1325 „impletur
1177 1283 1206 1311 a
1236 1268 1461 1312 daemone
1492 1273 1729 1311 cruentas-

141 1359 232 1402 que
254 1359 442 1405 spumas
466 1359 545 1389 ore
567 1344 851 1405 provolvens
879 1344 976 1389 suis
999 1343 1220 1390 dentibus
1251 1360 1300 1396 se
1330 1344 1432 1405 ipse
1452 1344 1730 1391 lacerabat“.

140 1424 197 1467 D.
230 1424 291 1467 Π.
328 1427 364 1480 1,
400 1426 423 1467 7
475 1429 636 1482 „veste
666 1423 846 1467 nudum
878 1424 1076 1467 interius
1117 1439 1212 1467 non
1244 1423 1449 1480 videbat,
1481 1429 1730 1483 postremo

140 1515 391 1559 pauperem
424 1515 518 1544 non
551 1515 818 1560 comparere
849 1500 1110 1545 causatur“.
1172 1501 1279 1544 Chr.
1310 1501 1373 1544 II.
1404 1502 1475 1557 34,
1507 1502 1536 1544 4
1571 1501 1730 1559 „quasi

141 1578 225 1622 Dei
247 1582 369 1621 nutu
391 1577 534 1622 funus
556 1613 568 1625 .
585 1611 595 1622 .
613 1612 622 1622 .
645 1577 945 1623 deferebatur
977 1593 1297 1636 concursuque
1328 1578 1536 1622 omnium
1559 1578 1731 1622 feretro

141 1671 309 1715 corpus
342 1655 582 1714 eripitur“.
624 1656 705 1700 cfr.
728 1657 831 1700 Liv.
854 1658 925 1712 45,
949 1658 1020 1713 40,
1044 1658 1071 1699 2
1107 1656 1335 1714 „alterum
1357 1660 1542 1700 tantum
1574 1660 1656 1699 aut

140 1733 443 1792 absumptum
476 1737 558 1777 aut
590 1732 640 1776 in
670 1732 784 1790 fuga
814 1766 824 1776 .
842 1766 852 1776 .
870 1766 880 1776 .
897 1766 907 1776 .
939 1732 1219 1791 dissipatum
1250 1731 1472 1790 tradunt3
1504 1747 1653 1790 eoque
1683 1732 1732 1776 id

140 1811 399 1855 mirabilius
433 1810 577 1855 erat“.

287 1889 333 1945 2)
370 1887 570 1947 „casus“
615 1888 721 1933 Chr.
753 1888 788 1934 Ι.
822 1889 892 1946 33,
930 1892 950 1933 1
989 1887 1254 1948 „modestus
1285 1887 1441 1946 animi,
1474 1887 1624 1933 forma
1653 1903 1731 1933 ex-

140 1966 370 2010 cellenti“.
414 1966 522 2010 Chr.
553 1967 614 2010 ΙΙ.
650 1969 717 2022 16,
746 1968 772 2010 8
812 1972 945 2026 „post
977 1980 1084 2010 eum
1115 1966 1269 2022 Arses,
1299 1966 1424 2009 filius
1456 1966 1556 2010 eius
1587 1967 1730 2010 trien-

141 2044 220 2088 nio
252 2044 502 2102 imperium
528 2045 694 2100 tenuit,
726 2044 899 2088 Darius
932 2059 1077 2088 annos
1109 2043 1376 2101 quattuor“.
1413 2043 1520 2090 Chr.
1535 2044 1597 2087 11.
1613 2045 1685 2100 46,
1703 2046 1732 2088 5

144 2121 345 2180 „multos
376 2121 606 2165 nobilium
637 2122 889 2180 pluresque
920 2120 1210 2180 populares“.
1257 2120 1368 2165 Sall.
1390 2121 1500 2178 Jug.
1527 2122 1565 2177 7,
1586 2122 1617 2164 4
1650 2125 1731 2179 „ut

140 2199 314 2243 nostris
338 2200 641 2244 vehementer
662 2215 808 2256 carus,
831 2200 1134 2246 Numantinis
1157 2198 1357 2243 maximo
1378 2199 1547 2242 terrori
1569 2198 1731 2242 esset“.

141 2277 245 2321 Liv.
278 2278 350 2333 32,
384 2278 454 2333 21,
489 2278 548 2321 22
592 2281 886 2336 „nostrorum
920 2276 1011 2336 ipsi
1042 2276 1305 2332 vulnerum,
1353 2276 1388 2319 si
1422 2275 1582 2332 vultis,
1614 2276 1730 2320 obli-

140 2357 391 2411 viscamur,
436 2355 599 2400 caedes
631 2355 1011 2415 direptionesque
1043 2354 1234 2399 factas&
1297 2355 1404 2399 Tac.
1436 2369 1541 2399 ann.
1576 2355 1642 2411 14,
1679 2355 1731 2398 19

144 2440 225 2493 „ut
257 2450 343 2494 par
374 2435 562 2493 ingenio
595 2435 663 2478 ita
694 2449 875 2478 morum
909 2432 1164 2479 diversus“.

286 2521 333 2575 3)
371 2518 659 2578 „numerus.“
705 2519 812 2563 Chr.
842 2519 878 2562 Ι.
911 2520 982 2574 23,
1012 2522 1028 2562 l
1070 2524 1151 2576 „ut
1182 2517 1312 2575 ligna
1343 2521 1391 2560 et
1422 2531 1591 2574 aquam
1623 2531 1730 2561 con-

141 2596 415 2643 veherent“.
463 2597 519 2641 E.
541 2597 577 2641 I.
600 2598 627 2642 6
663 2596 740 2655 „in
771 2595 1007 2656 profundo
1040 2611 1101 2641 an
1122 2610 1266 2655 supra
1286 2594 1426 2640 maris
1456 2594 1731 2655 profunda“.

141 2676 247 2719 Chr.
279 2676 339 2719 ΙΙ.
374 2676 445 2731 37,
478 2676 506 2718 5
557 2675 732 2732 „igitur
762 2674 954 2718 Arriani
1001 2678 1159 2717 astuto
1193 2673 1385 2716 consilio
1434 2673 1629 2716 miscent
1661 2673 1731 2715 in-

139 2753 331 2797 noxium
363 2752 668 2798 criminosis“.
714 2752 818 2797 Liv.
852 2753 921 2808 27,
955 2753 996 2808 2,
1019 2753 1046 2795 6
1083 2751 1307 2810 „Hispani
1340 2750 1513 2795 milites
1545 2755 1593 2794 et
1624 2750 1730 2796 fun-

139 2830 266 2876 ditor
298 2830 541 2875 Baliaris“.
604 2831 711 2874 Tac.
743 2829 851 2874 hist.
883 2832 923 2887 3,
957 2831 1014 2874 29
1055 2829 1331 2888 „septimani
1363 2862 1372 2873 .
1390 2861 1399 2872 .
1416 2861 1426 2873 .
1458 2828 1731 2873 tertianus“.
