1961 3279
473 535 579 604 De
628 536 964 626 gerundio
1017 541 1087 605 et
1136 538 1518 629 participio

341 712 595 757 Ablativus
626 712 845 770 gerundii
877 728 983 757 cum
1014 714 1281 759 accusativo
1314 714 1486 759 obiecti
1510 714 1785 759 coniunctus

197 788 431 847 rarissime
478 789 605 848 apud
651 804 816 834 aureae
864 790 1032 834 aetatis
1080 791 1329 849 scriptores
1375 790 1629 836 invenitur.
1692 790 1785 835 Sed

197 866 421 910 Sallustio
453 866 547 910 iam
578 866 727 924 magis
757 867 913 925 placet
947 866 1048 922 (cfr.
1071 868 1292 926 Draeger,
1325 884 1359 912 S.
1382 868 1425 912 h.
1456 869 1518 912 H.
1548 884 1652 927 pag.
1675 869 1782 924 848)

197 947 244 987 et
275 958 413 1003 saepe
443 943 619 1001 legitur
651 943 775 1003 apud
821 944 1012 989 Livium
1046 949 1093 989 et
1126 944 1362 1002 Tacitum,
1409 960 1515 990 raro
1547 944 1673 1005 apud
1702 952 1804 1005 po-‘'

196 1022 415 1065 steriores
463 1022 725 1080 scriptores.
786 1023 831 1065 A
863 1023 1069 1082 Sulpicio
1102 1023 1277 1068 Severo
1325 1028 1492 1081 quater
1532 1024 1646 1068 haec
1676 1038 1784 1067 con-

195 1099 392 1143 structio
423 1103 651 1158 usurpata
683 1104 774 1143 est:
807 1100 914 1144 Chr.
948 1101 1009 1144 H.
1042 1101 1082 1156 2,
1115 1103 1135 1144 1
1171 1101 1484 1157 „enuntiando
1515 1101 1785 1145 somnium⁴‘.

196 1175 257 1218 M.
284 1177 320 1231 1,
343 1177 371 1219 3
404 1175 627 1233 „legendo
649 1176 899 1220 Hectorem
930 1181 1223 1235 pugnantem
1255 1181 1337 1221 aut
1365 1177 1604 1221 Socratem
1633 1176 1785 1236 philo-

196 1252 511 1311 sophantem⁴⁴.
554 1253 616 1297 M.
648 1253 718 1309 25,
751 1253 780 1297 5
811 1253 1083 1309 „vendendo
1117 1254 1273 1297 omnia
1304 1258 1351 1298 et
1383 1253 1537 1298 dando
1569 1254 1784 1313 pauperi-

195 1329 321 1373 bus⁴⁴.
383 1330 439 1374 D.
470 1331 555 1374 III.
588 1331 627 1387 2,
661 1330 689 1374 5
736 1335 810 1387 „et
843 1330 1129 1375 ostendendo
1181 1331 1496 1376 humilitatem
1533 1347 1620 1375 nec
1646 1330 1784 1382 ,diffe-

194 1406 339 1452 rendo
371 1407 638 1466 pietatem⁴⁴.
683 1407 763 1452 cfr.
797 1407 905 1452 Sall.
936 1409 1043 1466 Jug.
1076 1409 1146 1465 85,
1171 1410 1225 1452 21
1260 1392 1429 1465 „fortia
1458 1408 1585 1453 facta
1614 1423 1785 1453 memo-

193 1483 379 1528 rando⁴⁴.
441 1485 546 1529 Liv.
582 1487 619 1541 1,
652 1485 723 1541 38,
755 1486 826 1541 4,
831 1482 1212 1541 ,circumferendo
1245 1487 1411 1530 811118·’.ι
1465 1486 1571 1530 Τ80.
1592 1484 1705 1552 Agr.
1728 1487 1782 1573 21

194 1561 454 1619 „laudando
484 1567 727 1622 promptos
759 1567 807 1607 et
839 1564 1113 1621 castigando
1146 1565 1349 1622 segnes⁴⁴.

339 1640 489 1700 Saepe
535 1640 773 1700 Sulpicius
806 1641 1007 1686 Severus
1055 1642 1302 1702 participia
1347 1642 1605 1702 praesentis
1647 1656 1781 1686 usur-

193 1719 339 1778 pavit,
372 1733 572 1776 quorum
590 1718 703 1775 loco,
736 1718 776 1762 si
798 1719 1175 1764 consecutionem
1207 1724 1471 1779 temporum
1500 1719 1782 1779 respicimus,

192 1796 439 1855 participia
470 1795 667 1854 perfecti
699 1801 1033 1855 exspectamus.
1087 1797 1242 1841 Huius
1272 1812 1384 1841 usus
1416 1797 1627 1856 exempla
1658 1796 1783 1855 apud

193 1874 407 1918 meliores
439 1873 691 1934 scriptores
723 1874 957 1919 rarissime
989 1874 1320 1931 inveniuntur3
1343 1872 1566 1919 'Sallustii
1597 1888 1782 1932 quoque

193 1952 319 1996 haud
366 1952 434 1996 ita
480 1953 630 1996 multa
676 1957 880 2009 exstant,
930 1953 1168 2012 complura
1199 1953 1339 2009 Livii,
1386 1953 1587 2012 plurima
1619 1951 1783 1996 Taciti.

192 2032 277 2089 Ea,
309 2047 428 2090 quae
458 2031 509 2075 in
539 2031 670 2076 libris
693 2031 890 2091 Sulpicii
912 2032 1075 2077 Severi
1106 2032 1341 2090 leguntur,
1374 2031 1625 2090 diligenter
1646 2029 1782 2075 colle-

191 2110 265 2167 git
296 2110 604 2167 Lonnergren
635 2110 663 2152 1.
695 2110 723 2154 l.
754 2125 861 2169 pag.
875 2108 879 2111 ⁴
895 2111 964 2167 84,
1013 2125 1155 2167 quam
1187 2110 1246 2154 ob
1278 2124 1377 2154 rem
1424 2124 1572 2169 pauca
1618 2108 1783 2153 afferre

193 2187 471 2231 satishabeo.
502 2187 563 2230 M.
587 2188 626 2243 6,
648 2188 678 2230 4
710 2188 921 2244 „Italiam
942 2192 1160 2247 repetens
1180 2187 1433 2232 Mediolani
1453 2185 1784 2231 monasterium

193 2265 401 2309 statuit‘⁴.
432 2264 493 2308 M.
521 2265 587 2320 18,
609 2265 652 2307 4.
670 2269 882 2324 „postero
915 2265 991 2308 die
1022 2264 1082 2309 ad
1114 2265 1355 2309 ecclesiam
1386 2264 1580 2310 veniens
1611 2263 1784 2308 nitenti

192 2348 299 2387 cute
344 2342 523 2400 gratias
554 2356 640 2401 pro
677 2343 893 2400 sanitate,
941 2357 1082 2401 quam
1129 2343 1380 2402 receperat,
1428 2342 1636 2400 agebat⁴⁴.
1699 2341 1782 2386 cir.

193 2420 303 2466 Sall.
335 2420 445 2478 Jug.
483 2420 579 2477 113,
615 2421 636 2464 1
686 2419 827 2477 „haec
873 2420 1065 2465 Maurus
1112 2435 1268 2465 secum
1313 2419 1413 2480 ipse
1459 2419 1563 2484 diu'
1587 2419 1782 2465 volvens

192 2498 384 2543 tandem
416 2498 671 2557 promisit⁴⁴.
723 2499 829 2543 Liv.
861 2501 931 2555 27,
963 2500 1036 2556 43,
1069 2501 1097 2543 3
1129 2513 1261 2556 ,,011111
1291 2499 1443 2558 primo
1475 2497 1666 2542 incertis
1696 2497 1782 2540 im-

190 2576 418 2636 plicantes
449 2576 696 2635 responsis,
728 2582 783 2622 ut
814 2582 967 2622 metus
998 2581 1343 2622 tormentorum
1374 2575 1589 2622 admotus
1642 2574 1783 2621 fateri

190 2668 305 2699 vera
335 2653 501 2712 coegit,
549 2653 876 2698 edocuerunt⁴⁴.
939 2654 1047 2698 Tac.
1079 2669 1183 2698 ann.
1220 2655 1287 2711 12,
1319 2655 1377 2698 48
1411 2657 1487 2711 „at
1518 2652 1783 2707 Quadratus

189 2748 474 2789 cognoscens
520 2733 760 2790 proditum
792 2733 1118 2778 Mithridatem
1161 2738 1208 2776 et
1240 2747 1440 2789 regnum
1471 2733 1530 2776 ab
1562 2730 1782 2776 interfec-

189 2809 372 2855 toribus
404 2809 620 2868 obtineri,
652 2814 791 2856 vocat
813 2810 1096 2856 consilium⁴⁴.
1145 2809 1423 2857 Posterioris
1445 2808 1613 2856 aetatis
1638 2808 1782 2872 scrip-

188 2893 314 2937 tores
346 2903 450 2933 raro
483 2888 552 2933 ita
582 2888 729 2933 locuti
763 2893 893 2934 sunt.
