1961 3279
840 149 897 160 ..r
961 122 1138 203 35,‘*

199 257 307 305 Chr.
329 258 367 304 I.
385 261 461 316 11,
488 259 541 303 17
577 258 679 318 „ita
691 257 885 318 Joseph²²
900 258 1102 304 solvitur
1119 256 1558 318 interpretatusque*
1583 259 1655 303 est
1680 254 1782 317 regi

198 336 473 382 somnium“.
535 336 641 382 Chr.
672 337 708 382 Ι.
741 338 818 395 28,ἸΔ
845 338 885 381 7·
921 350 1058 397 „nam
1088 342 1242 395 n'eque
1286 335 1429 381 finem
1461 336 1561 381 eius
1597 336 1781 397 imperii

198 415 383 475 rePperi
413 419 462 459 et
493 414 642 459 fuisse
667 415 893 475 popuhun¹
924 414 1027 462 sine
1045 413 1164 459 duce
1194 413 1429 459 invenio“.
1477 415 1584 459 Chr.
1605 415 1641 458 I.
1664 417 1734 472 30,
1753 419 1781 461 6

202 493 346 553 „victi
375 493 595 549 Hebraei,
623 507 746 538 arca-
761 493 956 553 capitur,
986 492 1074 537 filii
1106 491 1361 537 sacerdotis
1393 491 1610 538 cadunt“.
1674 493 1782 538 Chr.

199 572 235 615 I.
257 572 328 628 36,
354 573 374 615 1
413 569 554 630 „Saul
583 570 862 631 Allephylis‘
877 568 1398 629 bei‘lum‘inferentibus
1430 570 1583 615 Deum
1616 584 1780 615 consu—

199 649 269 705 lit,
299 649 585 706 nuliumque‘
604 649 648 693 ei
678 660 955 708 responsum
983 642 1263 692 redditum“.
1315 647 1423 691 Chr.
1450 649 1486 691 Ι.
1519 649 1589 704 36,
1613 650 1641 691 2
1674 648 1783 706 „sed

200 729 414 771 conserto
458 725 636 785 proelio
668 725 874 771 Hebraei
904 724 1011 779 fusi,
1060 724 1142 769 filii
1176 724 1300 783 regis
1331 724 1547 770 cadunt“.
1608 725 1716 770 Chr.
1746 726 1782 770 Ι.

201 805 271 860 54,
294 805 323 847 3
356 807 486 863 „tum
516 817 629 849 vero
660 803 908 849 Sedechias
928 837 939 847 .
956 832 966 848 .
979 832 990 846 .
1015 802 1144 847 trudi
1175 802 1452 863 prophetam
1481 803 1532 848 in
1555 816 1782 849 carcerem

201 882 354 925 iubet:
400 894 612 939 moxque·
647 894 755 925 eu'm
785 881 985 926 crudelis
1032 880 1148 925 facti
1193 880 1390 940 piguit“.
1451 881 1558 925 Chr.
1589 881 1650 925 H.
1681 882 1722 937 5,
1755 883 1783 924 2

204 959 379 1018 „igitur
408 972 482 1003 res
513 973 571 1005 ex
601 959 755 1004 edicto
786 959 910 1017 regis
941 958 1307 1014 constituuntur,
1352 958 1685 1017 propositaque
1716 959 1783 1003 eis

201 1036 412 1081 condicio
442 1035 738 1097 poenarum“.
785 1032 891 1081 Chr.
913 1036 974 1080 II.-
1000 1037 1067 1093 13,
1086 1037 1117 1080 4
1152 1035 1247 1095 „ita
1266 1035 1420 1080 Aman
1449 1035 1636 1081 eaedem
1657 1036 1783 1081 cruci

202 1114 424 1172 affigitur,
467 1114 726 1172 'omniaque‘
751 1115 875 1158 bona
914 1114 1014 1158 eius
1046 1113 1352 1158 Mardochaeo
1383 1113 1500 1157 data·
1522 1113 1783 1172 Judaeique

202 1196 313 1237 sunt
344 1190 589 1237 absoluti“.
636 1191 743 1237 Chr.
763 1191 824 1236 ΙΙ.
857 1192 927 1249 26,
950 1192 978 1236 6
1013 1190 1187 1250 „igitur
1216 1191 1491 1250 Hyrcanum
1521 1191 1674 1237 libens
1705 1207 1781 1236 ex-

202 1272 327 1329 cepit
373 1269 611 1327 ductuque
657 1270 755 1313 eius
787 1269 993 1314 Judaeos
1039 1267 1357 1327 aggreditur“.
1420 1268 1526 1313 Chr.
1558 1269 1618 1313 H.
1650 1271 1721 1326 30,
1754 1271 1783 1313 2

206 1348 390 1407 „sumit
406 1347 657 1406 imperium
680 1352 740 1404 et,
771 1352 827 1392 ut
858 1361 957 1391 mos
978 1351 1061 1403 est,
1093 1346 1355 1391 diademate
1386 1347 1531 1406 capiti
1562 1347 1782 1406 imposito

204 1425 261 1470 ab
294 1425 503 1470 exercitu
534 1423 897 1488 consalutatus“.
958 1425 1020 1469 Μ.
1057 1425 1123 1481 17,
1156 1424 1185 1469 5
1236 1424 1494 1484 „Martinus
1524 1424 1704 1470 Furenti
1734 1441 1784 1471 se

205 1504 388 1561 obiecit,
421 1519 474 1548 ac
494 1504 696 1563 primum
728 1508 852 1549 stare
883 1504 922 1548 ei
947 1502 1187 1563 imperat“.
1234 1503 1290 1547 D.
1312 1504 1348 1548 I.
1374 1505 1441 1561 19,
1463 1505 1492 1548 5
1527 1509 1783 1564 „quantum

206 1582 504 1628 oboedientia
534 1582 757 1627 meruerit
788 1587 837 1626 et
868 1586 1096 1640 quantum
1127 1582 1243 1626 fides
1274 1582 1465 1642 possit“.
1527 1583 1583 1627 D.
1604 1583 1666 1627 II.
1697 1587 1732 1641 l,
1756 1586 1784 1628 5

209 1697 229 1720 „
263 1695 272 1706 .
290 1695 300 1705 .
318 1695 327 1705 .
359 1661 449 1705 sibi
479 1661 688 1704 tunicam
718 1660 922 1704 latenter
953 1660 1116 1704 eduxit
1145 1674 1492 1719 pauperemque
1518 1665 1784 1705 contectum

206 1738 442 1784 discedere
462 1738 635 1783 iubet“.
667 1738 723 1782 D.
740 1738 802 1782 Π.
820 1740 860 1794 9,
877 1740 907 1782 4
931 1743 1068 1797 „ante
1089 1737 1228 1797 pedes
1248 1737 1399 1782 sancti
1418 1743 1606 1798 recepta
1628 1740 1785 1797 quiete

205 1817 529 1877 prosternitur,
562 1816 671 1861 dein
703 1850 712 1860 .
731 1849 740 1860 .
758 1849 768 1859 .
800 1815 953 1875 petiit,
985 1831 1126 1874 seque
1159 1849 1168 1859 .
1186 1850 1196 1860 .
1213 1850 1223 1859 .
1255 1815 1550 1860 immiscuit“.
1612 1816 1719 1862 Chr.
1748 1818 1784 1861 I.

206 1896 247 1952 5,
278 1897 308 1939 4
323 1910 326 1913 ’
342 1894 449 1955 „sed
495 1893 744 1939 adversum
774 1894 859 1938 hos
892 1927 902 1938 .
919 1927 928 1938 .
946 1927 955 1938 .
973 1927 983 1938 .
1014 1902 1217 1953 reges..
1234 1927 1244 1938 .
1274 1894 1325 1938 in
1355 1894 1584 1953 proelium
1631 1910 1783 1939 erum-

205 1978 326 2033 punt
342 1974 600 2033 ‘primoque
631 1973 811 2032 impetu
842 1972 935 2017 fusi
956 1971 1203 2017 victoriam
1225 1973 1532 2017 concessere“.
1572 1973 1653 2018 cfr.
1675 1973 1785 2018 Sall.

206 2052 307 2096 Cat.
330 2053 399 2108 20,
428 2054 446 2095 l
485 2051 562 2110 „in
582 2050 789 2095 abditam
821 2056 999 2110 partem
1032 2050 1218 2096 aedium
1249 2050 1427 2096 recedit
1459 2056 1602 2111 atque
1622 2052 1688 2097 ibi
1720 2087 1730 2097 .
1748 2087 1757 2097 .
1775 2087 1785 2097 .

207 2130 463 2173 orationem
495 2162 504 2172 .
523 2162 532 2172 .
550 2162 559 2173 .
590 2128 797 2173 habuit“.
855 2129 959 2174 Liv.
991 2131 1031 2185 3,
1062 2131 1134 2185 46,
1167 2131 1194 2173 9
1230 2129 1440 2188 „Appius
1473 2163 1483 2173 .
1499 2163 1509 2173 .
1527 2163 1536 2173 .
1554 2163 1564 2174 .
1596 2129 1785 2174 domum

207 2222 255 2252 se
285 2206 462 2266 recepit
484 2207 767 2265 collegisque
797 2207 848 2251 in
867 2212 1021 2252 castra
1041 2206 1246 2251 scribit“.
1284 2207 1390 2251 Tac.
1413 2221 1519 2252 ann.
1541 2209 1581 2264 2,
1605 2209 1629 2251 7
1669 2207 1785 2261 ,Sed

207 2286 377 2330 Caesar
407 2318 417 2330 .
434 2318 472 2329 ..
504 2285 671 2330 Silium
718 2285 927 2344 legatum
959 2319 969 2329 .
986 2318 996 2329 .
1014 2319 1023 2329 .
1041 2318 1051 2329 .
1082 2285 1391 2345 irruptionem
1437 2284 1588 2330 facere
1633 2285 1784 2342 iubet3

206 2362 305 2423 ipse
430 2377 512 2409 sex
541 2364 742 2423 legiones
773 2378 828 2409 eo
854 2363 1036 2409 duxit&

350 2441 683 2502 Imperfectum
730 2447 778 2487 et
807 2441 1315 2502 plusquamperfectum
1362 2442 1412 2486 in
1443 2441 1606 2487 eodem
1639 2457 1785 2488 enun-

207 2520 325 2564 tiato
356 2521 729 2579 coniunguntur:
761 2519 868 2565 Chr.
899 2520 935 2564 I.
966 2519 1037 2577 49,
1060 2521 1090 2563 4
1126 2519 1235 2573 „sed
1263 2535 1368 2564 cum
1400 2554 1409 2564 .
1427 2554 1437 2565 .
1454 2553 1464 2564 .
1494 2526 1683 2580 pararet
1713 2536 1785 2565 re-

206 2612 408 2656 gemque
428 2632 438 2643 .
456 2632 466 2642 .
484 2633 493 2643 .
510 2632 520 2642 .
551 2598 602 2643 in
634 2598 858 2644 auxilium
879 2603 1132 2643 arcesseret
1152 2597 1295 2656 idque
1316 2598 1634 2643 Salmanassar
1663 2614 1785 2644 com-

124 2720 127 2723 .
172 2701 176 2705 ·
206 2675 446 2734 perisset“.
498 2676 605 2720 Chr.
625 2676 686 2720 Π.
719 2677 759 2732 9,
782 2677 811 2720 5
845 2675 947 2734 „hic
977 2690 1082 2719 cum
1112 2676 1386 2733 Aegyptum
1418 2681 1561 2733 atque
1591 2676 1786 2721 Aethio-

207 2753 334 2813 piam
365 2743 489 2799 belIo
519 2760 750 2814 premeret
793 2759 841 2799 et
872 2754 1133 2813 subegIsset
1151 2753 1409 2812 'victorque
1438 2754 1489 2798 in
1519 2755 1686 2799 Persas
1716 2769 1787 2799 re-

207 2831 515 2877 verteretur“.
567 2833 637 2877 Ma
656 2834 720 2889 10,
742 2834 772 2876 4
805 2848 889 2892 „ex
918 2847 1012 2876 uno
1046 2832 1170 2876 enim
1200 2831 1346 2876 latere
1377 2833 1586 2891 praecisa
1615 2833 1790 2877 montis

208 2909 374 2954 excelsi
395 2925 511 2971 rupe
532 2910 840 2969 ambiebatur,
862 2910 1089 2970 reliquam
1110 2909 1356 2970 planitiem
1377 2910 1521 2970 Liger
1542 2911 1717 2956 fluvius

1648 2983 1703 3047 δ’.
