1961 3279
876 183 933 192 -
999 152 1052 204 13
1116 183 1171 192 -.

830 329 919 382 De
960 330 1217 382 casibus,

795 469 836 527 1)
870 474 939 512 De
971 474 1249 514 accusativo.

371 568 710 620 Accusativum
757 575 963 633 localem,
1011 576 1069 620 de
1099 581 1330 621 terrarum
1376 575 1642 621 nominibus
1678 592 1812 621 usur-

227 659 404 713 patum,
438 653 562 713 apud
593 653 865 698 Ciceronem
892 669 986 698 uno
1018 659 1206 699 tantum
1237 656 1337 699 loco
1368 654 1572 698 inveniri
1594 654 1814 699 Kiihnast

226 732 256 775 1.
290 732 319 775 1.
352 746 458 791 pag.
498 732 582 775 156
629 731 784 787 docet;
819 732 1041 788 Sallustii,
1073 732 1215 789 Livii,
1249 731 1404 776 Taciti
1434 731 1671 790 complura
1702 731 1813 775 affe-

226 813 398 852 runtur
428 808 653 867 exempla.
709 807 851 868 Apud
883 809 1141 868 Sulpicium
1173 809 1398 854 Severum
1427 808 1670 866 leguntur:
1704 808 1811 852 Chr.

226 885 262 929 Ι.
298 885 338 940 5,
372 887 399 929 3
432 886 734 945 „Aegyptum
767 886 1032 930 concessit“.
1086 886 1192 930 Chr.
1217 886 1277 929 ΙΙ.
1310 887 1380 941 24,
1403 886 1430 929 3
1462 885 1674 941 „Cretam
1704 899 1812 929 con-

226 961 453 1020 fugerat“.

371 1038 682 1085 Accusativus
731 1040 950 1097 Graecus,
1000 1055 1106 1085 cum
1147 1040 1304 1085 verbis
1350 1039 1547 1100 passivis
1595 1039 1814 1084 reflexive

226 1117 467 1175 usurpatis
515 1122 563 1161 et
609 1132 716 1161 cum
748 1119 904 1162 verbis
938 1133 1048 1162 vere
1094 1118 1292 1177 passivis
1337 1118 1629 1173 coniunctUS,
1676 1131 1814 1174 quem

226 1199 393 1253 poetae
439 1195 489 1238 in
522 1195 731 1252 linguam
772 1196 992 1239 Latinam
1037 1195 1335 1250 induxerunt,
1383 1193 1508 1253 apud
1554 1193 1814 1252 Sulpicium

227 1272 455 1315 Severum
487 1272 670 1331 saepius
701 1273 955 1316 invenitur.
1002 1273 1136 1316 Hanc
1161 1272 1556 1316 constructionem
1589 1271 1814 1315 Graecam

226 1363 254 1392 a
281 1349 434 1408 poetis
478 1347 628 1408 primo
673 1354 947 1408 usurpatam
977 1349 1226 1393 Sallustius
1264 1349 1314 1392 in
1342 1363 1528 1408 prosam
1556 1348 1815 1393 orationem

226 1426 470 1484 induxit,¹)
499 1442 638 1484 quem
668 1427 818 1471 secuti
846 1432 957 1470 sunt
985 1427 1151 1471 Livius
1181 1432 1228 1471 et
1258 1427 1462 1471 Tacitus.
1501 1427 1693 1470 Praeter
1719 1427 1812 1470 usi-

225 1508 374 1549 tatam
420 1519 582 1549 vocem
627 1504 872 1562 „induere“
918 1503 1019 1561 (cfr.
1051 1505 1112 1548 M.
1144 1506 1184 1560 3,
1215 1507 1254 1549 2.
1304 1505 1359 1549 Ε.
1389 1504 1425 1548 Ι.
1462 1505 1533 1560 12)
1581 1504 1814 1563 Sulpicius

226 1582 429 1626 Severus
457 1581 574 1626 haec
601 1582 747 1626 verba
775 1595 879 1625 cum
909 1581 1176 1625 accusativo
1207 1581 1385 1625 Graeco
1415 1581 1677 1640 coniungit:

373 1659 627 1716 ,‚erudire“:
656 1660 711 1703 E.
742 1660 778 1703 Ι.
812 1662 836 1703 7
867 1664 948 1716 „ut
977 1675 1034 1703 ex
1061 1660 1133 1703 his
1162 1660 1366 1703 humana
1393 1675 1522 1704 mens
1551 1660 1814 1704 erudiretur

225 1736 579 1795 naufragiorum
602 1740 746 1795 atque
768 1735 1056 1795 serpentium
1080 1737 1251 1781 casus“.
1283 1763 1338 1768 —
1368 1736 1650 1794 „desecare“:
1679 1738 1733 1782 E.
1753 1738 1813 1783 II.

231 1818 286 1859 10
315 1815 548 1871 „desecari
577 1815 823 1858 membra“.
857 1840 911 1845 —
943 1816 1318 1872 „conspergere“:
1347 1815 1404 1858 D.
1434 1815 1495 1858 11.
1528 1817 1567 1871 3,
1591 1817 1618 1858 9
1646 1821 1813 1874 „caput

226 1898 369 1951 atque
398 1908 480 1938 ora
508 1892 783 1952 conspersi“.
822 1891 866 1936 A
887 1891 1101 1951 plurimis
1129 1907 1292 1951 prosae
1321 1893 1545 1938 orationis
1574 1893 1811 1952 scriptori-

225 1971 313 2014 bus
342 1975 389 2014 et
419 1985 587 2014 aureae
616 1975 663 2014 et
691 1969 962 2029 posterioris
1001 1970 1170 2013 aetatis
1199 1969 1274 2014 hic
1302 1970 1595 2014 accusativus
1624 1985 1813 2030 prorsus

225 2048 404 2092 alienus
434 2053 505 2091 est
544 2048 644 2102 (cfr.
676 2048 896 2104 Draeger,
925 2063 959 2090 s.
992 2048 1035 2090 h.
1066 2049 1103 2090 Ι.
1134 2063 1178 2105 p.
1211 2048 1331 2105 362).

370 2125 609 2171 Nonnulla
637 2125 784 2171 verba
831 2130 879 2170 et
907 2125 1134 2185 simplicia
1178 2130 1225 2170 et
1254 2140 1361 2170 cum
1388 2125 1811 2185 praepositionibus

225 2203 484 2262 composita
516 2203 750 2262 Sulpicius
780 2203 982 2247 Severus
1021 2217 1125 2246 cum
1165 2203 1430 2248 accusativo
1458 2203 1703 2263 coniungit
1742 2219 1810 2249 se-

224 2287 362 2327 cutus
392 2282 680 2338 Sallustium,
724 2282 929 2337 Livium,
974 2283 1204 2337 Tacitum,
1249 2298 1353 2325 cum
1382 2283 1523 2326 ceteri
1562 2282 1811 2340 scriptores

223 2359 274 2401 in
302 2358 575 2403 universum
604 2358 974 2418 praepositiones
1004 2357 1269 2403 addiderint
1303 2363 1384 2404 aut
1413 2359 1505 2404 alia
1532 2359 1810 2404 constructi-

223 2452 311 2481 one
340 2438 413 2481 usi
441 2438 549 2481 sint.

368 2514 496 2559 Haec
524 2515 670 2561 verba
713 2515 944 2575 simplicia
987 2530 1092 2561 cum
1137 2516 1401 2562 accusativo
1431 2516 1680 2562 coniuncta
1720 2516 1811 2562 huc

221 2592 482 2652 pertinent:

368 2670 556 2730 „fungi“
585 2671 769 2732 saepius
799 2687 904 2717 cum
933 2673 1199 2719 accusativo
1226 2673 1526 2719 coniunctum
1554 2672 1807 2720 invenitur.

221 2748 328 2794 Chr.
360 2750 392 2793 I.
427 2751 465 2806 7,
498 2751 521 2793 7
567 2749 832 2807 „Abraham
877 2751 1001 2796 diem
1046 2752 1237 2796 functus
1281 2754 1389 2797 est“.
1454 2752 1561 2797 Chr.
1593 2753 1628 2796 Ι.
1667 2754 1736 2810 36,
1771 2755 1807 2797 1.

367 2954 402 3002 1)
429 2954 605 3002 Draeger,
631 2967 658 2992 s.
686 2955 721 2992 h.
748 2953 800 2993 11.
827 2955 941 3003 praef.
968 2968 1052 3005 pag.
1079 2954 1165 2995 VII.
