1961 3279
818 120 1112 166 ..ιο-

165 262 314 293 usum.
377 249 573 310 Sulpicii
604 249 768 296 Severi
799 251 1025 297 uonnulla
1051 251 1263 312 exempla
1292 251 1458 297 afferre
1481 250 1756 307 satishabeO,

166 326 291 384 quod
323 342 377 372 ea
407 327 501 373 iam
533 328 724 387 collegit
755 330 1062 388 Lonnergren
1108 329 1157 389 (1.
1188 330 1216 374 L
1247 344 1351 390 pag.
1387 331 1485 387 17.).
1532 330 1594 375 Μ.
1629 330 1696 386 17,
1728 330 1756 373 3

166 420 300 460 „nam
333 406 613 463 Taetradius
661 422 714 451 eo
746 412 957 467 tempore
989 408 1142 454 adhuc
1172 407 1453 467 gentilitatis
1485 417 1640 453 errore
1669 407 1755 450 im-

165 482 357 543 plicitus
388 484 677 529 tenebatur.“
709 485 770 531 Μ.
803 486 843 543 5,
877 486 905 530 3
938 501 1081 545 „quos
1113 485 1266 532 adhuc
1301 484 1544 545 gentilitas
1575 483 1756 530 detine·

166 562 274 604 bat“
307 562 389 605 cfr.
443 563 547 605 Liv.
581 564 651 619 24,
685 564 755 618 22,
789 566 815 607 8
849 597 871 619 „
906 597 914 606 .
948 597 957 607 .
990 596 999 607 .
1032 565 1195 609 inflato
1228 564 1380 608 adhuc
1416 563 1558 620 regiis
1590 562 1757 606 animis

165 653 218 683 ac
250 638 466 685 muliebri
499 639 707 699 spiritu.“
771 642 878 686 Tac.
911 657 1016 687 ann.
1049 644 1089 699 3,
1138 645 1199 687 42
1244 640 1559 699 „inconditam
1606 639 1758 685 adhuc

166 716 520 761 multitudinem
552 717 773 764 disiecit-fl.

311 794 462 854 Saepe
479 795 606 854 apud
632 796 891 856 Sulpicium
914 797 1141 842 Severum
1174 797 1448 842 adverbium
1486 796 1742 852 ,‚ceterum“

169 872 299 915 vocis
321 871 455 928 „sed“
476 872 577 917 loco
594 873 799 933 positum
816 878 900 931 est,
934 873 1060 933 quod
1081 872 1265 918 dicendi
1286 888 1434 932 genus
1466 888 1494 917 a
1525 871 1758 928 Sallustio,

165 950 318 1006 Livio,
351 951 517 995 Tacito
550 952 663 996 satis
685 956 964 1011 usurpatum
986 951 1110 1011 apud
1133 952 1403 995 Ciceronem
1436 955 1484 995 et
1515 951 1759 995 Caesarem

165 1043 260 1071 non
292 1028 590 1085 invenitur.¹)
626 1029 706 1074 cfr.
740 1030 868 1089 Sulp.
901 1030 1006 1074 Sev.
1039 1030 1144 1074 Chr.
1176 1031 1231 1073 H.
1269 1032 1334 1085 14,
1370 1031 1406 1073 7.
1438 1030 1509 1084 36,
1541 1029 1583 1071 4.
1615 1028 1685 1083 38,
1718 1027 1758 1071 5.

166 1107 236 1161 39,
269 1107 309 1150 9.
341 1107 412 1162 51,
449 1109 469 1150 1
505 1112 554 1151 et
589 1109 626 1151 7.
657 1108 712 1151 Ε.
748 1111 784 1163 1,
817 1110 857 1152 8.
889 1108 945 1151 D.
966 1108 1022 1151 H.
1046 1110 1086 1163 8,
1110 1109 1147 1151 2.
1174 1110 1238 1163 10,
1260 1109 1300 1151 4.
1332 1109 1394 1162 14,
1424 1109 1461 1150 l.
1482 1106 1538 1149 D.
1560 1106 1638 1149 III.
1655 1106 1695 1161 5,
1719 1105 1758 1148 2.

311 1184 441 1227 Livii
494 1189 541 1229 et
590 1185 743 1230 Taciti
790 1200 919 1230 more
970 1185 1207 1244 Sulpicius
1249 1185 1451 1229 Severus
1484 1184 1643 1240 „mox“
1674 1197 1758 1241 pro

166 1260 382 1317 „deinde·‘
415 1261 641 1307 vocabulo
673 1262 933 1322 usurpavit.
966 1262 1047 1307 cfr.
1096 1262 1204 1308 Chr.
1238 1263 1270 1307 Ι.
1304 1262 1343 1318 5,
1376 1263 1404 1305 3
1451 1275 1586 1317 „mox
1616 1273 1758 1304 anno-

166 1354 255 1382 nae
286 1340 445 1397 inopia
474 1340 750 1398 Aegyptum
783 1341 1037 1387 concessit‘f
1072 1340 1199 1394 (Alia
1221 1339 1433 1397 exempla
1453 1339 1760 1394 Lonnergren

165 1415 326 1460 laudat
358 1432 463 1476 pag.
500 1419 599 1474 18.).
630 1417 791 1462 Etiam
822 1417 873 1462 in
907 1418 1256 1463 enumeratione
1287 1417 1445 1474 „mox“
1477 1415 1600 1461 idem
1631 1415 1760 1460 valet

166 1499 309 1552 atque
340 1494 573 1550 „deinde“.
605 1496 712 1540 Chr.
745 1497 777 1539 I.
811 1496 881 1552 35,
914 1498 943 1539 4
975 1511 1054 1552 „ac
1084 1496 1287 1555 primum
1337 1494 1524 1552 fugiens
1576 1492 1635 1537 ad
1676 1493 1758 1536 Sa-

166 1573 367 1617 muelem
399 1589 449 1618 se
481 1575 695 1630 contulit,
727 1574 837 1618 inde
869 1574 927 1618 ad
945 1573 1229 1629 Abimeleoh,
1262 1577 1497 1632 postremo
1520 1571 1579 1616 ad
1600 1568 1758 1628 regem

167 1650 306 1695 Moab
329 1651 556 1709 confugit,
588 1666 697 1696 mox
727 1652 939 1711 perhGad
969 1651 1247 1711 prophetam
1269 1651 1475 1695 monitus
1505 1650 1555 1693 in
1586 1653 1759 1693 terram

167 1728 199 1771 J
201 1727 320 1772 udae
366 1744 605 1787 regressus
653 1729 782 1774 vitae
828 1729 1090 1788 periculum
1142 1716 1295 1772 adiit“.
1363 1727 1468 1771 Liv.
1515 1728 1585 1782 33,
1638 1727 1678 1781 8,
1732 1727 1758 1768 9

167 1805 357 1866 „primo,
389 1811 443 1850 ut
474 1806 525 1850 in
556 1806 719 1864 iugum
752 1807 904 1852 evasit
936 1839 1115 1852 .....
1126 1805 1331 1863 ‘ingenti
1361 1803 1531 1863 gaudio
1564 1808 1635 1848 est
1665 1803 1758 1847 ela-

167 1888 258 1938 tuS,
291 1898 399 1928 mox
430 1884 775 1942 refugientibus
823 1885 919 1928 suis
952 1918 1131 1928 .....
1163 1880 1461 1943 trepidavit,
1487 1881 1655 1925 deinde
1705 1885 1760 1924 ut

169 1962 576 2021 appropinquabat
606 1962 755 2007 hostis
789 1999 797 2008 .
835 1999 843 2008 .
880 1998 889 2008 .
925 1999 934 2008 .
968 1961 1137 2020 gladiis
1169 1975 1267 2006 rem
1287 1973 1449 2018 gerere
1470 1958 1626 2004 iubet“
1652 1958 1759 2003 Tac.

169 2052 275 2082 ann.
313 2042 384 2094 11,
437 2040 492 2084 12
523 2040 786 2097 „creatique
818 2040 1023 2099 primum
1055 2038 1270 2084 Valerius
1301 2037 1489 2081 Potitus
1522 2041 1570 2081 et
1600 2035 1758 2080 Aemi-

168 2116 260 2161 lius
291 2117 552 2161 Mamercus
583 2151 593 2161 .
626 2151 635 2161 .
669 2134 704 2172 .;
739 2117 845 2161 dein
879 2152 889 2161 .
922 2151 931 2161 .
965 2152 973 2161 .
1007 2117 1099 2160 duo
1131 2115 1282 2160 additi
1314 2149 1323 2159 .
1346 2149 1356 2159 .
1386 2116 1436 2171 .’,
1468 2129 1576 2158 mox
1607 2113 1760 2172 dupli-

170 2198 303 2238 catus
335 2187 595 2239 numerus“.

796 2403 885 2451 De
924 2401 1145 2452 verbis

316 2543 384 2587 Ut
416 2542 634 2586 iteratam
668 2541 802 2585 verbi
835 2541 1064 2584 actionem
1097 2539 1362 2596 significent
1394 2538 1643 2596 scriptores
1664 2537 1759 2581 Ro-

171 2619 298 2665 mani
328 2623 532 2664 utuntur
558 2618 728 2676 verbis,
760 2633 881 2677 quae
912 2617 1148 2674 dicuntur,
1181 2614 1556 2675 frequentativis,
1590 2613 1760 2673 quibus

318 2835 352 2880 1)
380 2834 542 2881 Kfihner,
580 2833 830 2871 ausffihrliche
872 2831 1095 2880 grammatik
1136 2832 1201 2869 der
1238 2830 1483 2869 lateinischen
1521 2829 1673 2881 sprache
1707 2827 1761 2867 ΙΙ.

170 2912 255 2951 pag.
281 2900 364 2935 685.
