1961 3279
327 238 473 285 Verbi
503 240 789 285 substantivi
820 239 998 285 formae
1032 244 1142 296 „est,
1194 243 1317 296 sunt,
1362 241 1488 283 esse“
1525 248 1634 283 'non
1663 245 1769 283 raro

183 317 469 361 omittuntur
499 317 550 361 in
578 317 849 377 appendicis
881 318 1102 378 epistolis,
1135 317 1216 363 sed
1237 328 1468 376 nusquam
1489 316 1768 377 praeceden-

181 395 310 439 tibus
340 384 583 455 particulis
616 401 664 440 et
694 396 1050 455 pronominibus
1074 396 1297 452 relativiS,
1328 395 1569 455 praeteriti
1596 399 1645 439 et
1661 409 1769 439 con-

181 471 383 517 iunctivi
413 473 591 517 formae
622 473 811 517 omnino
842 488 938 518 non
969 473 1141 518 desunt
1172 473 1275 532 (cfr.
1309 488 1414 533 pag.
1450 473 1505 517 15
1536 474 1672 531 sqq).

326 550 529 595 Dativus
561 550 706 596 verbo
738 552 925 610 passivo
958 551 1226 608 adiunctus,
1264 551 1347 595 ubi
1377 550 1770 610 praepositionem

186 629 267 682 „a“
303 631 638 687 exspectamuS,
682 629 824 673 semel
855 628 1031 687 legitur
1061 634 1204 688 atque
1233 628 1275 673 is
1308 627 1498 687 quidem
1528 642 1634 673 cum
1664 642 1770 687 par-

181 705 343 762 ticipio
373 705 572 763 perfecti
602 706 901 752 coniunctus:
944 721 1048 765 pag.
1080 708 1181 763 220,
1221 708 1273 750 19
1309 705 1620 762 „desideratos
1649 704 1766 749 sibi“

185 781 285 838 (cfr.
316 796 420 842 pag.
453 784 544 840 20).

330 861 534 919 „Igitur“
593 862 871 920 particulam
919 878 947 907 a
1009 862 1216 922 Sulpicio
1273 863 1449 908 Severo
1503 861 1770 922 saepissime

180 938 317 983 initio
349 939 580 984 enuntiati
614 940 815 998 positam
833 956 934 986 esse
966 940 1172 987 vidimus
1192 956 1297 1001 pag.
1326 943 1382 986 27
1406 956 1492 1000 sq.;
1524 940 1574 985 in
1598 955 1769 1000 appen-

181 1017 297 1060 dicis
340 1017 551 1076 epistolis
592 1018 664 1062 bis
708 1023 897 1062 tantum
940 1019 1115 1077 legitur
1145 1033 1250 1077 pag.
1285 1020 1385 1075 220,
1425 1020 1451 1063 8
1483 1018 1625 1062 tertio
1655 1018 1769 1075 loce,

180 1109 285 1154 pag.
318 1096 418 1152 251,
476 1097 530 1140 14
563 1096 766 1141 secundo
798 1097 899 1141 loco
931 1097 1148 1155 positum.
1212 1097 1449 1142 Orationis
1482 1096 1770 1153 variationis,

183 1188 322 1231 quam
355 1173 550 1231 Sulpicii
583 1174 745 1219 Severi
794 1175 1128 1233 proprietatem
1160 1189 1260 1219 esse
1290 1174 1497 1220 vidimus
1529 1173 1630 1230 (cfr.
1663 1188 1768 1233 pag.

182 1253 241 1296 34
273 1253 409 1309 sqq.),
458 1251 507 1295 in
558 1252 814 1310 appendice
860 1267 1094 1311 perpauca
1133 1253 1357 1311 leguntur
1401 1251 1629 1310 exempla:
1665 1266 1770 1310 pag.

182 1331 283 1385 219,
315 1330 345 1372 4
377 1344 444 1386 sq.
480 1343 616 1383 „nam
648 1334 697 1373 et
727 1329 900 1387 gaudio
934 1330 1104 1375 flebam
1137 1365 1146 1374 .
1181 1365 1191 1374 .
1226 1365 1236 1374 .
1272 1365 1282 1374 .
1317 1334 1361 1374 et
1401 1344 1512 1387 prae
1542 1328 1772 1373 desiderio

180 1407 253 1451 tui
299 1419 395 1450 non
441 1410 652 1464 poteram
698 1421 794 1451 non
842 1406 1040 1452 dolere“.
1070 1422 1175 1466 pag.
1217 1408 1317 1464 219,
1354 1408 1409 1452 14
1443 1406 1658 1464 „Domini
1689 1420 1770 1466 op-

180 1485 336 1544 periar
366 1485 662 1529 voluntatem
711 1499 940 1543 speroque
971 1519 980 1530 .
1015 1521 1024 1530 .
1060 1521 1069 1529 .
1104 1488 1143 1529 .“
1177 1500 1280 1544 pag.
1298 1487 1398 1542 215,
1435 1488 1490 1530 10
1524 1501 1580 1541 „a
1610 1489 1770 1530 sancto

180 1562 350 1623 spiritu
381 1562 623 1621 eliguntur
655 1567 702 1608 et
732 1577 816 1623 per
847 1578 1081 1609 summum
1112 1563 1401 1609 sacerdotem
1442 1563 1528 1609 Dei
1566 1562 1769 1608 offerun-

180 1647 260 1686 tur
291 1642 500 1686 altari0“.
534 1655 639 1700 pag.
674 1643 775 1699 243,
811 1643 835 1686 7
872 1642 1200 1697 „interioribus
1233 1642 1519 1687 ornamentis
1557 1646 1606 1686 et
1636 1641 1769 1701 spiri-

180 1720 412 1765 tualiter.“

324 1797 580 1855 Participia
611 1803 658 1841 et
690 1798 887 1843 ablativi
920 1798 1135 1855 absoluti,
1169 1797 1292 1856 apud
1340 1797 1597 1856 Sulpicium
1628 1797 1769 1841 Seve-

179 1890 284 1921 rum
315 1874 622 1920 usitatissima
650 1873 749 1935 (cfr.
781 1890 886 1935 pag.
917 1877 977 1921 40
999 1878 1136 1935 sqq.),
1168 1875 1218 1920 in
1250 1874 1342 1919 illis
1387 1884 1567 1935 septem
1598 1874 1769 1934 episto-

178 1955 236 1999 lis
268 1969 371 1999 raro
401 1959 630 2013 usurpata
660 1959 783 2010 sunt,
815 1969 1014 2013 zeugma
1045 1954 1235 1998 omnino
1266 1968 1361 1998 non
1392 1954 1633 1998 invenitur
1669 1952 1767 2008 (cfr.

177 2046 281 2090 pag.
314 2033 374 2076 40
405 2031 508 2090 sq.).

322 2109 603 2168 Anaphorae
633 2109 806 2167 figura,
851 2124 878 2154 a
910 2110 1114 2169 Sulpicio
1155 2110 1329 2155 Severo
1362 2123 1500 2167 saepe
1531 2112 1769 2168 usurpata,

175 2187 443 2246 saepissime
490 2187 667 2245 legitur
713 2187 762 2230 in
809 2187 1077 2246 appendicis
1124 2186 1346 2245 epistolis.
1411 2187 1467 2230 In
1504 2185 1589 2231 hac
1619 2186 1772 2245 figura

176 2264 441 2310 adhibenda
462 2264 776 2323 discrepantia
798 2280 852 2309 eo
874 2264 1137 2321 intercedit,
1170 2264 1294 2322 quod
1318 2264 1551 2322 Sulpicius
1574 2263 1770 2309 eandem

176 2356 337 2389 vocem
385 2342 445 2387 ad
491 2356 727 2387 summum
775 2347 942 2401 quater
989 2342 1175 2401 repetit,
1223 2341 1527 2401 epistolarum
1573 2341 1771 2401 scriptor

175 2422 324 2465 multo
357 2421 556 2479 saepiuS.
618 2421 673 2464 In
720 2421 914 2479 Sulpicii
961 2420 1124 2466 Severi
1154 2419 1287 2464 libris
1318 2420 1627 2464 inveniuntur
1657 2418 1771 2465 haec

176 2499 403 2558 exempla:
444 2499 506 2543 M.
542 2500 609 2555 10,
643 2500 671 2543 2
714 2498 904 2554 „eadem
948 2499 999 2542 in
1029 2497 1166 2542 corde
1197 2498 1297 2542 eius
1328 2497 1579 2555 humilitaS,
1610 2497 1771 2543 eadem

174 2578 225 2622 in
266 2577 446 2624 vestitu
499 2577 598 2621 eius
645 2576 807 2622 vilitas
850 2578 994 2621 erat“.
1055 2576 1117 2620 M.
1154 2575 1223 2633 25,
1262 2577 1292 2620 4
1337 2576 1498 2632 „illum
1535 2575 1670 2621 nobis
1700 2590 1769 2620 se-

176 2655 428 2714 quendum,
460 2655 595 2698 illum
626 2654 858 2699 clamabat
890 2652 1213 2697 imitandum.“
1278 2653 1340 2697 M.
1382 2654 1451 2710 25,
1491 2654 1519 2698 6
1564 2686 1586 2709 „
1622 2687 1632 2697 .
1667 2686 1677 2697 .
1712 2687 1722 2697 .
1758 2687 1768 2698 .

176 2738 356 2792 quanta
385 2733 612 2792 gravitaS,
645 2737 824 2792 quanta
845 2731 1054 2790 dignitas
1077 2732 1216 2775 era-t.“
1251 2731 1308 2777 D.
1332 2732 1370 2777 I.
1403 2733 1443 2788 9,
1479 2733 1501 2775 1
1539 2736 1771 2787 „ceterum

176 2812 233 2856 de
265 2811 669 2856 familiaritatibus
808 2823 949 2868 quam
981 2823 1106 2865 vera,
1140 2823 1280 2867 quam
1302 2808 1446 2854 fortia
1467 2808 1770 2867 disputavit“.

174 2890 231 2940 D.
265 2891 298 2935 I.
335 2892 404 2949 23,
438 2891 466 2934 2
500 2889 601 2947 „hic
633 2888 761 2946 mihi,
795 2886 971 2946 inquit,
1011 2891 1138 2931 terra
1168 2900 1220 2932 ac
1251 2887 1370 2932 mari
1401 2900 1575 2947 comes,
1615 2886 1689 2932 hic
1719 2887 1770 2932 in
