1961 3279
824 137 1089 181 -9-

165 266 419 313 verborum
440 267 784 314 amantissimus
802 268 993 327 eiusque
1013 267 1224 313 imitator
1246 266 1438 313 Tacitus
1459 269 1745 328 receperunt,

167 359 283 404 quos
312 345 546 405 Sulpicius
583 346 784 391 Severus
830 350 1019 391 secutus
1050 350 1132 391 est.
1195 346 1444 391 Sallustius
1476 350 1524 390 et
1555 345 1747 390 Tacitus

167 422 351 482 saepius
380 422 468 467 hoc
499 423 728 468 vocabulo
758 427 977 479 utuntur;
1024 423 1223 483 exempli
1269 438 1407 468 causa
1438 436 1745 477 commemoro

167 499 276 545 Sall.
306 499 415 545 hist.
446 502 479 545 I.
510 502 581 559 48,
618 504 685 547 11.
746 501 853 546 Tac.
885 516 989 546 ann.
1026 503 1061 558 1,
1095 502 1166 546 65.

311 578 535 635 Sallustii,
565 579 703 636 Livii,
736 579 889 624 Taciti
920 593 1048 623 more
1088 579 1322 640 Sulpicius
1368 579 1569 623 Severus
1615 578 1745 635 „alii“

167 670 328 700 vocem
358 670 442 715 pro
489 657 695 714 „reliqui,
744 657 912 701 ceteri“
959 655 1207 715 usurpavit
1238 656 1402 700 D.·III.
1439 658 1505 712 10,
1553 657 1581 699 2
1619 660 1746 712 „tum

167 734 284 779 Cato
315 733 534 780 diaconus
563 739 706 792 negat
736 750 820 795 per
866 738 1019 780 totum
1066 733 1188 779 diem
1233 734 1325 779 sibi
1370 734 1513 779 ullam
1559 734 1748 779 cessisse

168 816 419 872 capturam,
441 811 522 856 sed
543 827 696 871 neque
717 813 832 856 alios
853 813 1117 872 piscatores,
1149 845 1159 856 .
1192 846 1201 856 .
1234 846 1243 856 .
1275 846 1285 856 .
1308 846 1317 856 .
1340 811 1589 870 quicquam
1611 826 1748 870 agere

168 890 408 948 quivisse.“
469 891 622 935 Huius
653 906 763 935 usus
794 891 927 936 nulla
957 896 1119 936 extant
1151 891 1360 950 exempla
1391 890 1703 945 Ciceroniana,
1712 892 1745 945 ¹)

169 967 380 1013 Sallustii
423 983 571 1028 pauca
608 967 861 1014 laudantur
893 967 973 1014 cfr.
1006 969 1106 1015 Cat.
1137 970 1207 1026 43,
1256 968 1283 1013 3
1315 983 1496 1026 „seque,
1543 967 1583 1012 si
1613 966 1750 1027 pauci

167 1045 460 1102 adiuvarent,
506 1047 839 1105 languentibus
887 1047 989 1092 aliis
1018 1049 1239 1107 impetum
1281 1047 1331 1090 in
1380 1046 1557 1090 curiam
1598 1045 1747 1090 factu-

167 1125 311 1180 rum,“
342 1125 576 1183 permulta
606 1125 734 1170 Livii
764 1129 812 1169 et
844 1124 1009 1182 Taciti,
1042 1139 1240 1184 quorum
1271 1124 1415 1169 affero
1447 1123 1552 1168 Liv.
1588 1126 1625 1180 1,
1661 1125 1697 1179 7,
1721 1124 1748 1167 3

168 1217 324 1259 „sacra
355 1202 444 1246 diis
490 1203 592 1247 aliis
623 1203 808 1247 Albano
840 1203 947 1258 ritu,
996 1205 1172 1247 Graeco
1219 1202 1410 1247 Herculi
1442 1235 1451 1245 .
1484 1234 1493 1244 .
1526 1235 1535 1244 .
1567 1235 1577 1245 .
1609 1200 1748 1245 facit“

169 1284 217 1324 et
249 1280 355 1324 Tac.
386 1295 490 1325 ann.
526 1283 562 1337 l,
596 1283 655 1325 30
700 1281 960 1338 „desolatus
992 1281 1190 1326 aliorum
1225 1279 1547 1334 discessione;“
1593 1284 1747 1338 poste-

168 1357 303 1402 rioris
334 1357 501 1402 aetatis
548 1358 806 1418 scriptores,
853 1362 1084 1417 quantum
1129 1357 1284 1413 video,
1326 1357 1450 1401 hunc
1488 1371 1625 1401 usum
1656 1371 1750 1400 non

168 1433 340 1479 imitati
372 1439 493 1479 sunt.

311 1513 493 1569 Restat,
526 1517 580 1557 ut
602 1512 658 1557 de
682 1513 907 1558 vocabulo
930 1513 1200 1570 „mortales“
1222 1528 1306 1573 pro
1330 1512 1592 1569 „homines“
1614 1528 1748 1556 usur-

170 1595 280 1650 pato
311 1606 458 1650 pauca
488 1590 649 1636 dicam.
712 1592 870 1636 Cicero
902 1592 1023 1637 hanc
1053 1606 1216 1637 vocem
1247 1606 1331 1651 pro
1359 1590 1626 1635 hominibus
1657 1604 1750 1634 non

168 1673 362 1728 usurpat
393 1669 484 1713 nisi
531 1669 701 1714 additis
753 1669 998 1715 adiectivis
1040 1671 1252 1726 „omnes“
1284 1668 1361 1713 vel
1393 1668 1595 1724 „multi,“
1627 1667 1750 1727 apud

169 1746 410 1790 Caesarem
456 1762 539 1805 pro
587 1747 849 1803 „homines“
896 1748 1088 1791 omnino
1131 1762 1226 1791 11011
1256 1747 1430 1804 legitur
1464 1745 1564 1800 (cfr.
1596 1746 1749 1789 Krebs

167 1823 347 1879 Antib.)
411 1824 561 1884 Saepe
606 1825 695 1869 hac
747 1824 861 1869 v'oce
918 1825 1162 1870 adiectivis
1224 1824 1518 1868 attributivis
1569 1824 1750 1867 omissis

168 1916 279 1944 usus
310 1906 381 1945 est
413 1902 674 1957 Sallustius,
724 1916 861 1959 quem
908 1902 1075 1947 Livius
1121 1906 1169 1946 et
1202 1901 1392 1945 Tacitus
1434 1901 1581 1945 secuti
1627 1905 1750 1944 sunt.

167 1978 308 2037 Apud
339 1979 601 2038 Sulpicium
617 1980 842 2023 Severum
867 1984 1090 2037 quattuor
1122 1983 1285 2024 extant
1317 1979 1542 2037 exempla:
1576 1978 1682 2022 Chr.
1714 1979 1748 2021 I.

168 2057 210 2112 4,
241 2057 281 2100 4.
312 2056 368 2100 D.
399 2057 433 2100 Ι.
480 2056 519 2113 5,
567 2058 607 2102 5.
654 2057 884 2101 mortales.
932 2057 1039 2102 Chr.
1070 2057 1125 2101 11.
1163 2059 1232 2113 34,
1266 2059 1294 2102 3
1330 2056 1611 2113 mortalium,
1643 2053 1749 2101 Chr.

170 2134 202 2176 I.
235 2134 274 2189 5,
306 2135 335 2177 4
365 2134 489 2178 inter
518 2135 748 2178 mortales.
1619 2138 1623 2141 ’

730 2343 819 2391 De
857 2341 1182 2392 adverbiis.

312 2481 530 2537 ‚,Adhuc“
577 2481 635 2526 de
693 2486 903 2541 tempore
963 2482 1215 2541 praeterito
1269 2482 1474 2541 positum
1518 2481 1750 2526 rarissime

169 2559 292 2618 apud
324 2559 596 2604 Ciceronem
647 2559 832 2617 legitur,
879 2561 927 2603 in
974 2560 1184 2604 Sallustii
1215 2575 1303 2605 usu
1334 2560 1522 2604 omnino
1553 2574 1647 2603 11011
1679 2563 1750 2603 est

169 2636 261 2680 Sed
312 2652 465 2695 neque
510 2637 676 2681 Livius
722 2653 873 2695 neque
920 2638 1151 2693 Taoitusss)
1202 2639 1435 2697 aspernati
1483 2643 1588 2682 sunt
1625 2636 1749 2682 hunc

314 2854 350 2899 1)
377 2854 541 2901 Draeger
565 2865 593 2890 s.
619 2853 655 2890 h.
680 2853 712 2890 Ι.
736 2865 821 2901 pag.
848 2854 917 2891 104
941 2866 994 2901 sq.

313 2919 351 2965 2)
377 2919 551 2968 Dracger,
577 2919 728 2958 Tacitus
752 2931 835 2968 pag.
861 2920 884 2956 8
909 2932 961 2969 sq.
