1961 3279
807 101 1105 148 -26-

167 228 276 276 Sall.
310 230 421 290 Jug.
461 232 496 289 1,
530 232 558 277 3
594 232 801 292 „pollens
831 238 1093 293 potensque
1124 250 1178 280 ac
1208 235 1401 281 clarus“.
1466 235 1571 283 Liv.
1607 238 1677 295 22,
1710 237 1750 295 5,

170 308 194 351 7
230 323 339 367 „per
370 309 606 369 principes
637 310 942 369 hastatosque
973 326 1027 356 ao
1058 312 1286 358 triari0s“.

315 390 642 446 „et—atque“:
675 389 776 433 Chr.
810 390 846 433 Ι.
883 391 955 442 27,
988 391 1017 433 2
1051 425 1071 445 ,,
1109 425 1117 435 .
1153 425 1162 435 .
1198 426 1207 436 .
1244 427 1252 435 .
1288 391 1558 451 dictumque
1596 393 1640 437 ei
1672 396 1755 450 est,

166 464 279 509 vino
332 470 379 509 et
432 466 577 510 sicera
629 471 771 524 atque
802 467 1054 512 immundis
1102 468 1402 514 abstineret“.
1465 470 1521 514 D.
1555 470 1591 514 Ι.
1629 472 1695 527 16,
1729 471 1757 514 2

166 557 299 598 „cum
331 558 443 601 ergo
476 543 692 589 edentem
715 544 789 589 vis
820 544 1006 589 interna
1036 549 1277 603 torqueret
1293 551 1341 591 et
1360 547 1599 591 immensis
1629 547 1756 591 dolo-

165 620 295 664 ribus
347 621 513 666 vitalia
564 622 784 667 universa
835 627 1143 680 quaterentur
1194 640 1246 669 ac
1297 624 1518 683 frequens
1548 625 1755 670 vomitus

165 698 450 744 cruciatibus
482 736 490 744 .
526 735 536 744 .
573 735 581 744 .
616 733 626 743 .
661 700 979 746 dissolveret“.
1044 701 1150 746 Liv.
1184 703 1224 758 6,
1258 703 1327 759 22,
1361 703 1389 747 5
1439 702 1618 758 „additi
1664 702 1755 747 col-

164 776 297 834 legae
327 777 383 821 A.
419 782 467 822 et
499 778 551 822 L.
586 779 817 823 Postumii
851 795 905 824 ac
935 780 988 824 L.
1022 779 1235 824 Furius“.
1270 809 1283 821 .

314 859 640 914 „atque—et“:
687 856 791 902 Chr.
840 858 874 901 Ι.
927 858 992 913 12,
1041 859 1070 901 4
1106 872 1237 913 „oum
1283 862 1418 916 patre
1455 861 1598 916 atque
1630 857 1757 902 omni

162 932 390 990 progenie
422 938 470 978 et
501 933 683 979 familia
714 935 1102 1000 commigrarent“
1152 935 1257 979 Chr.
1301 935 1337 979 Ι.
1379 937 1418 992 3,
1465 937 1493 979 2
1527 951 1646 994 „qua
1678 935 1757 980 ille

164 1024 270 1053 cum
319 1025 464 1056 uxore
511 1027 565 1057 ac
609 1012 719 1057 filiis
765 1013 918 1058 tribus
966 1017 1013 1057 et
1059 1012 1258 1057 totidem
1297 1013 1492 1058 nuribus
1531 1013 1754 1057 clausus“.

171 1088 279 1131 Tae.
314 1088 372 1132 D.
407 1091 448 1145 4,
482 1092 510 1133 2
545 1090 794 1148 „imagines
826 1106 879 1135 ac
910 1090 1042 1134 tituli
1075 1095 1123 1134 et
1154 1092 1381 1135 statuae“.

312 1170 793 1226 „que—et—-atque“:
827 1167 929 1212 Chr.
964 1169 999 1212 Ι.
1040 1171 1082 1224 1,
1131 1170 1158 1212 3
1194 1168 1453 1224 „excidium
1483 1168 1757 1226 Hierosoly-

163 1258 267 1288 mae
298 1246 667 1305 vexationesque
698 1247 860 1306 populi
892 1246 1145 1291 Christiani
1176 1252 1223 1291 et
1255 1261 1365 1291 mox
1390 1246 1520 1306 pacis
1548 1250 1760 1305 tempora

164 1336 217 1365 ac
248 1338 434 1367 rursum
468 1325 765 1369 ecclesiarum
796 1325 1033 1369 intestinis
1073 1325 1293 1383 periculis
1337 1325 1529 1369 turbata
1561 1324 1756 1369 omnia“.

163 1400 267 1444 Liv.
305 1403 375 1457 21,
413 1403 479 1457 16,
512 1403 541 1445 4
566 1402 764 1457 „SardoS
786 1402 1043 1460 Corsosque
1065 1406 1113 1446 et
1145 1402 1331 1447 Histros
1362 1407 1503 1460 atque
1523 1402 1755 1460 Illyrios“.

165 1478 271 1521 Tac.
307 1494 411 1522 ann.
452 1482 487 1535 1,
525 1482 544 1523 1
582 1480 787 1535 „Tiberii
820 1480 1022 1537 Gaiique
1054 1484 1103 1522 et
1134 1475 1315 1524 Claudii
1341 1495 1394 1523 ac
1423 1480 1664 1523 Neronis“.

312 1560 791 1615 „atque-que-—et“:
844 1557 946 1601 Chr.
1000 1558 1036 1601 Ι.
1094 1559 1162 1612 53,
1216 1559 1244 1601 6
1298 1556 1617 1614 „trigesimum
1648 1561 1755 1615 post

165 1648 340 1678 annum
381 1635 579 1679 emissus
621 1640 763 1693 atque
801 1650 829 1679 a
868 1650 978 1693 rege
1015 1635 1066 1678 in
1098 1634 1349 1678 amicitiam
1382 1638 1595 1693 receptus
1627 1648 1754 1677 men-

166 1726 309 1769 saque
342 1717 389 1756 et
423 1713 629 1756 consiliis
661 1713 1014 1772 participatus“.
1078 1713 1185 1756 Tac.
1220 1727 1327 1756 ann.
1367 1712 1432 1767 15,
1466 1712 1523 1755 25
1559 1715 1753 1766 „tetrar-

166 1789 264 1834 chis
296 1806 350 1835 ac
380 1791 571 1849 regibus
602 1790 945 1851 praefectisque
976 1795 1023 1835 et
1054 1789 1475 1849 procuratoribus“.

501 2003 591 2052 De
629 2003 957 2066 particulis
996 2002 1423 2052 adversativis

313 2158 458 2213 „Sed“
480 2172 507 2201 a
523 2158 731 2217 Sulpicio
749 2158 925 2202 Severo
945 2173 1082 2218 saepe
1098 2159 1166 2202 ita
1180 2161 1446 2217 usurpatur,
1466 2161 1521 2199 ut
1538 2155 1754 2199 adversa-

164 2236 266 2279 tiva
281 2235 331 2279 vi
348 2235 518 2279 omissa
533 2250 616 2294 per
632 2235 754 2279 hanc
769 2236 1051 2294 particulam
1068 2236 1216 2279 oratio
1234 2240 1422 2279 tantum
1439 2234 1752 2278 continuetur.

164 2311 263 2356 Chr.
298 2312 335 2358 Ι.
371 2313 411 2369 2,
430 2313 457 2356 2
493 2312 623 2368 „viro
653 2311 803 2357 Adam
838 2312 1024 2358 mulieri
1055 2313 1162 2358 Eva
1192 2326 1363 2356 nomen
1395 2310 1501 2356 fuit.
1535 2309 1616 2356 sed
1647 2324 1754 2355 con-

164 2391 325 2434 stituti
355 2391 405 2433 in
436 2391 652 2449 paradiso
686 2426 695 2434 .
732 2426 741 2434 .
777 2426 791 2448 ·.
822 2426 830 2434 .
865 2391 916 2434 in
957 2395 1165 2434 nostram
1198 2391 1332 2434 velut
1369 2390 1551 2433 exsules
1582 2393 1755 2432 terram

164 2468 301 2512 eiecti
333 2469 486 2512 sunt“.
522 2467 625 2513 Chr.
660 2468 696 2512 1.
732 2470 773 2521 2,
807 2469 834 2512 3
870 2467 1065 2524 „deinde
1109 2483 1167 2513 ex
1197 2466 1270 2511 his
1316 2466 1429 2512 Cain
1461 2470 1603 2525 atque
1634 2465 1757 2512 Abel

163 2546 391 2601 nascitur3
439 2545 522 2590 sed
553 2545 667 2590 Cain
697 2546 870 2605 impius
903 2544 1099 2589 fratrem
1131 2543 1413 2589 interemit“.
1448 2543 1549 2588 Chr.
1583 2545 1619 2588 Ι.
1653 2546 1694 2600 4,
1729 2545 1753 2588 7

167 2659 188 2678 „
226 2658 234 2667 .
270 2658 279 2667 .
315 2658 325 2667 .
361 2658 369 2667 .
406 2637 499 2681 quo
545 2623 808 2682 promptius
857 2622 1053 2681 dispersi
1085 2626 1208 2677 sunt,
1257 2623 1365 2679 quia
1406 2621 1525 2665 alter
1557 2622 1753 2666 alterum

164 2701 296 2745 velut
328 2700 639 2758 alienigenam
670 2699 807 2745 facile
837 2699 1147 2757 relinquebat.
1183 2698 1264 2743 sed
1308 2698 1418 2743 filiis
1449 2699 1550 2744 Noe
1585 2699 1653 2745 ita
1684 2699 1754 2744 di-

163 2778 292 2822 visus
324 2778 450 2822 orbis
483 2777 576 2822 fuit
609 2813 617 2821 .
653 2812 663 2822 .
698 2813 707 2821 .
743 2779 781 2821 .“
851 2777 978 2832 (Alia
1025 2777 1235 2836 exempla
1281 2776 1418 2821 affert
1448 2777 1755 2835 Lonnergren

163 2856 191 2903 1.
226 2855 256 2899 1.
289 2870 394 2916 pag.
431 2854 535 2913 26.).
585 2856 715 2899 Haec
747 2854 1028 2913 significatio
1058 2855 1317 2914 particulae
1352 2854 1485 2909 „sed“
1516 2854 1609 2898 iam
1631 2854 1755 2917 apud
