1961 3279
833 112 1130 157 -22-

185 257 229 302 p.
263 243 384 298 456).
451 241 703 286 Sallustius
750 243 927 301 primus
974 243 1043 286 ita
1073 243 1259 288 locutus
1292 247 1364 288 est
1396 247 1443 288 et
1475 242 1776 299 duo—quan-

184 326 289 365 tum
321 319 459 364 video
474 319 832 365 -inveniuntur
863 321 1093 380 exempla:
1133 322 1238 380 Jug.
1273 323 1344 379 37,
1377 323 1406 366 4
1441 321 1516 377 „in
1539 319 1776 387 praerupti
1848 382 1851 385 Ι

185 398 360 443 montis
391 400 644 443 extremo“.
708 398 818 456 Jug.
854 399 924 455 93,
958 400 987 443 2
1022 398 1107 455 „ad
1146 414 1379 445 summum
1409 399 1622 444 montis.“
1663 397 1776 442 Fre-

186 476 407 535 quentior
437 476 513 519 hic
544 490 656 519 usus
703 479 774 518 est
823 475 948 534 apud
994 477 1198 533 Livium,
1245 478 1472 533 Tacitum,
1520 476 1777 535 Sulpicium

186 553 427 598 Severum.
492 553 595 596 Chr.
628 553 665 597 Ι.
701 554 771 608 35,
806 555 832 596 6
869 553 945 608 „in
983 553 1123 597 huius
1164 554 1428 598 interiora.“
1493 554 1595 597 Chr.
1634 553 1670 596 I.
1704 552 1776 607 45,

186 632 216 674 4
267 629 351 685 „de
403 629 571 687 exiguo
619 629 752 673 olei“.
801 630 862 674 M.
902 633 937 686 1,
987 632 1011 674 7
1063 630 1149 685 „ad
1181 631 1337 675 omnia
1370 631 1538 675 illius“.
1590 630 1645 673 E.
1678 630 1714 673 I.
1750 631 1776 673 6

193 722 363 767 „supra
393 705 629 767 profunda
658 706 841 751 maris.“
890 707 947 751 D.
981 707 1018 751 I.
1053 709 1091 764 9,
1126 709 1153 752 6
1197 707 1281 763 „ad
1312 709 1495 768 Egypti
1526 709 1773 753 extrema.“

186 785 244 829 D.
277 785 315 829 Ι.
372 786 440 841 18,
478 786 507 828 4
557 784 710 840 „intra
757 785 928 829 camini
973 785 1100 829 illius
1149 788 1391 831 concava.“
1431 786 1534 831 Chr.
1566 786 1603 829 I.
1641 787 1707 841 17,
1751 786 1777 829 6

192 863 341 918 „circa
371 863 466 907 ima
497 862 773 907 montium“.
837 863 893 907 D.
944 863 1030 907 III.
1066 865 1106 919 6,
1140 865 1166 907 3
1203 866 1280 920 „in
1330 863 1483 909 medio
1515 863 1776 909 ecclesiae“.

187 940 250 985 M.
286 941 356 996 23,
389 941 418 984 5
453 941 529 996 „in
560 940 713 985 medio
745 944 999 986 vestrum“.
1054 941 1158 987 Liv.
1194 944 1234 997 6,
1267 943 1337 997 23,
1385 943 1413 985 2
1468 942 1544 997 „in
1574 940 1779 985 medium

189 1017 384 1076 campi.“
421 1018 528 1062 Tac.
563 1032 668 1062 ann.
708 1018 774 1074 15,
812 1020 864 1063 18
902 1017 1080 1073 „medio
1114 1018 1362 1077 Capitolini
1393 1018 1607 1062 montis“.
1652 1018 1778 1062 Raro

188 1094 314 1153 apud
345 1099 526 1139 ceteros
553 1095 802 1154 scriptores
825 1096 1106 1154 posteriores
1135 1096 1376 1140 invenitur
1391 1095 1504 1139 haec
1526 1099 1776 1139 structura.

334 1167 615 1228 Genetivus,
661 1173 940 1217 insolentius
972 1173 1204 1217 adiectivo
1257 1173 1517 1228 adiunctus,
1570 1172 1777 1230 Sulpicio

188 1250 363 1294 Severo
396 1264 501 1293 cum
523 1250 759 1305 Sallustio,
791 1250 945 1305 Livio,
970 1250 1135 1294 Tacito
1161 1251 1417 1294 communis
1440 1254 1529 1294 est:
1565 1263 1777 1308 „promp-

189 1329 311 1370 tus“.
344 1327 448 1370 Chr.
482 1327 543 1370 II.
578 1328 650 1383 46,
683 1329 710 1371 3
746 1326 1030 1382 „disserendi
1070 1343 1123 1371 ac
1170 1327 1443 1386 disputandi
1487 1326 1777 1385 promptissi-

188 1406 334 1448 mus“.
369 1403 452 1448 cfr.
487 1404 596 1448 Sall.
631 1404 739 1448 hist.
774 1406 829 1448 Π.
869 1406 935 1449 13.
1001 1405 1108 1448 Tac.
1143 1405 1250 1449 hist.
1285 1408 1324 1461 2,
1358 1406 1427 1448 23.

336 1481 599 1526 Genetivus
646 1482 1010 1541 appositionalis,
1058 1483 1140 1540 qui
1168 1482 1360 1538 decitur,
1405 1481 1457 1525 in
1508 1482 1779 1525 universum

188 1559 423 1604 rarissime
471 1575 497 1604 a
545 1560 850 1619 scriptoribus
891 1561 1116 1604 Romanis
1163 1564 1435 1618 usurpatus,
1475 1559 1616 1603 latius
1647 1563 1779 1617 patet

192 1636 317 1695 apud
348 1636 541 1681 Livium
574 1641 622 1681 et
670 1636 905 1692 Tacitum3
952 1636 1076 1696 apud
1118 1636 1378 1696 Sulpicium
1410 1636 1636 1681 Severum
1668 1650 1778 1694 quo-

189 1729 281 1771 que
312 1728 407 1758 non
438 1729 543 1758 raro
575 1715 762 1772 legitur.
797 1714 1104 1771 L6nnergren
1134 1715 1163 1757 l.
1183 1715 1210 1757 l.
1245 1730 1347 1772 pag.
1382 1716 1441 1757 40
1472 1713 1634 1757 laudat
1665 1713 1779 1757 haec

190 1792 423 1850 exempla:
483 1791 586 1835 Chr.
635 1792 669 1836 I.
719 1793 790 1847 43,
852 1794 881 1835 4
936 1791 1186 1849 „Saraptae
1233 1790 1498 1849 oppidum“.
1563 1790 1665 1835 Chr.
1720 1791 1775 1834 H.

190 1870 261 1925 26,
294 1870 322 1911 2
364 1869 602 1927 „Hyrcani
654 1870 953 1927 cognomen“.
1019 1868 1075 1911 D.
1124 1867 1158 1912 Ι.
1213 1870 1278 1924 16,
1313 1869 1339 1912 3
1375 1868 1532 1923 „ibicis
1564 1870 1775 1912 nomen“.

198 1946 300 1991 Chr.
334 1947 368 1990 Ι.
407 1948 474 2003 16,
506 1948 535 1990 4
571 1946 841 2002 „arboribus
888 1946 1187 2004 palmarum“.
1240 1946 1341 1990 Chr.
1375 1947 1408 1990 I.
1444 1947 1512 2002 27,
1546 1947 1573 1990 3
1608 1945 1779 2001 „oliva-

188 2039 294 2068 rum
327 2024 557 2069 arbores.“
592 2025 690 2069 His.
737 2023 877 2069 addo:
919 2023 1021 2068 Chr.
1069 2025 1103 2068 I.
1149 2024 1218 2080 25,
1262 2025 1289 2068 3
1331 2029 1482 2079 „terra
1525 2023 1777 2082 Aegypti“.

790 2226 838 2284 4)
869 2232 938 2269 De
970 2230 1187 2269 ablativo.

341 2334 591 2378 Nonnullis
622 2334 734 2378 locis
776 2333 901 2393 apud
947 2333 1248 2378 substantiva
1293 2333 1581 2393 appellativa
1627 2334 1781 2392 Sulpi-

193 2413 292 2457 cius
325 2412 528 2457 Severus
561 2411 850 2468 Sallustium,
882 2411 1087 2468 Livium,
1142 2411 1358 2455 Tacitum
1397 2414 1582 2455 secutus
1615 2410 1780 2454 ablati-

193 2504 308 2535 vum
355 2490 674 2549 separationis,
723 2490 805 2547 qui
852 2488 1038 2545 dicitur,
1071 2489 1334 2548 usurpavit,
1394 2489 1474 2533 ubi
1523 2503 1690 2533 aureae
1734 2493 1781 2533 et

190 2567 464 2627 posterioris
496 2566 665 2612 aetatis
698 2567 947 2626 scriptores
987 2565 1410 2625 praepositionibus
1463 2582 1535 2623 „a,
1582 2565 1651 2623 de,
1699 2568 1781 2611 ex“

189 2647 264 2689 usi
295 2650 422 2693 sunt.

335 2722 412 2767 Ita
443 2736 549 2767 cum
582 2721 789 2768 ablativo
822 2722 1071 2767 coniuncta
1101 2725 1232 2767 sunt:

195 2800 516 2858 „detrudere“.
549 2801 656 2845 Chr.
688 2802 748 2844 II.
782 2802 852 2856 51,
886 2802 914 2844 5
949 2801 1246 2859 „episcopatu
1269 2799 1528 2844 detrusus“.
1562 2801 1656 2844 Tac
1678 2815 1781 2850 ann.

339 2881 379 2938 2,
416 2880 470 2923 17
509 2878 732 2938 „collibus
765 2876 1179 2926 detmdebantur“.
