1961 3279
823 105 1125 151 ..⁸30-

327 235 534 294 „legatos
565 236 802 282 mittere“:
835 238 942 282 Chr.
973 238 1007 281 I.
1041 239 1112 294 26,
1142 238 1170 281 5
1205 239 1383 293 „missis
1416 274 1424 282 .
1459 273 1469 283 .
1503 272 1512 283 .
1544 272 1553 282 .
1584 229 1765 297 legatie,

178 313 351 357 finibus
398 314 495 357 suis
542 318 791 358 contentus
838 315 960 359 bello
1008 315 1306 359 abstineret“.
1353 316 1462 361 Sall.
1494 316 1602 374 Jug.
1634 317 1705 372 97,
1738 317 1766 361 2

182 391 268 445 „ad
298 392 538 436 Bocchum
569 393 762 438 nuntios
793 393 965 450 mittit,
1004 396 1156 451 quam
1177 394 1379 453 primum
1411 395 1460 438 in
1496 393 1765 439 Numidiam

178 468 335 527 copias
366 468 659 514 adduceret“.

478 724 567 774 De
607 726 954 775 enuntiatis
992 725 1462 789 temporalibus

324 870 634 927 „Postquam“
684 885 791 914 cum
852 870 1310 930 plusquamperfecto
1359 871 1483 930 apud
1551 872 1765 916 classicos

174 947 436 1007 scriptores,
469 948 552 1006 qui
583 952 825 1005 vocantur,
857 963 963 993 raro
996 949 1181 1007 legitur.
1217 948 1376 1009 (Apud
1397 949 1640 994 Caesarem
1669 963 1763 994 uno

173 1030 362 1070 tantum
392 1026 494 1069 loco
526 1027 729 1071 inveniri
761 1028 964 1084 Draeger
995 1042 1028 1071 s.
1064 1027 1108 1071 h.
1142 1028 1193 1071 Il.
1224 1042 1329 1086 pag.
1362 1028 1450 1072 589
1489 1041 1763 1071 commemo—

173 1104 281 1163 rat).
346 1103 438 1148 Sed
485 1119 622 1163 saepe
673 1120 700 1148 a
733 1104 968 1161 Sallustio,
1003 1105 1271 1164 saepissime
1302 1120 1329 1149 a
1349 1104 1488 1150 Livio
1522 1110 1569 1149 et
1601 1104 1764 1149 Tacito

173 1195 279 1225 cum
311 1180 770 1240 plusquamperfecto
803 1182 1093 1225 construitur
1127 1185 1444 1241 „postquam“,
1475 1182 1708 1226 rarissime
1738 1197 1765 1226 a

172 1259 507 1317 posterioribus
539 1259 856 1318 scriptoribus.
921 1259 1154 1317 Sulpicius
1187 1259 1387 1303 Severus
1407 1260 1556 1303 multa
1576 1260 1765 1304 exhibet

172 1336 399 1396 exempla:
433 1334 540 1380 Chr.
571 1336 606 1380 Ι.
640 1337 679 1393 9,
727 1337 756 1380 4
806 1335 951 1392 „clam
1003 1335 1241 1396 profectus
1273 1341 1345 1381 est
1397 1336 1625 1395 vigesimo
1656 1341 1764 1397 post

172 1414 270 1457 fere
302 1428 437 1469 anne,
471 1428 611 1471 quam
650 1414 978 1458 advenerant“.
1042 1413 1148 1457 Chr.
1179 1415 1235 1457 H.
1275 1417 1339 1470 10,
1372 1416 1402 1457 4
1456 1415 1533 1469 „in
1585 1415 1763 1473 proelio

172 1491 350 1549 cecidit,
379 1491 581 1536 secundo
604 1507 726 1537 anno
749 1496 1000 1551 postquam
1023 1491 1307 1550 Tarquinius
1325 1492 1564 1552 Superbus
1584 1493 1764 1537 Romae

170 1585 368 1629 regnare
400 1572 657 1630 coeperat“.
720 1570 827 1613 Chr.
861 1570 917 1613 H.
954 1571 1020 1626 10,
1053 1571 1081 1613 2
1117 1569 1193 1625 „id
1222 1570 1450 1630 templum
1472 1584 1760 1614 consumma-

174 1655 273 1692 tum
306 1654 436 1692 sexto
468 1654 575 1706 post
608 1663 730 1692 anno
763 1663 905 1705 quam
927 1649 1099 1692 Darius
1131 1664 1328 1705 regnare
1359 1651 1619 1707 coeperat“.
1654 1649 1759 1692 Chr.

170 1725 230 1769 II.
267 1726 334 1781 19,
368 1726 395 1769 6
447 1725 512 1780 „is
558 1729 665 1784 post
712 1724 1085 1782 quinquennium
1130 1739 1269 1782 quam
1315 1739 1513 1783 regnare
1544 1730 1760 1785 coeperat

297 1837 308 1847 .
367 1803 678 1862 depopulatus
724 1804 837 1846 est“.
893 1802 1001 1846 Chr.
1047 1803 1101 1845 H.
1158 1804 1225 1858 10,
1276 1804 1302 1846 3
1338 1807 1471 1861 „post
1517 1803 1616 1846 XX
1661 1802 1760 1847 fere

169 1897 316 1926 annos
348 1896 489 1939 quam
520 1881 749 1940 templum
780 1880 934 1925 fuerat
956 1883 1369 1925 consummatum“.
1403 1880 1508 1925 Chr.
1541 1881 1597 1925 H.
1632 1882 1699 1937 17,
1732 1882 1760 1925 2

170 1960 396 2019 „septimo
447 1961 525 2014 (sc.
558 1962 700 2013 anno)
750 1963 1054 2018 posteaquam
1102 1958 1300 2003 Darium
1347 1958 1600 2016 devixerat,
1633 1959 1759 2018 apud

164 2038 477 2096 Babyloniam
527 2036 778 2080 defunctus
825 2040 939 2081 est“.
1005 2037 1112 2081 Chr.
1148 2038 1203 2080 H.
1248 2038 1317 2094 28,
1365 2039 1394 2081 4
1429 2041 1758 2097 „posteaquam

165 2116 223 2161 ab
271 2116 446 2159 iniusto
499 2115 726 2174 praesidis
770 2115 941 2159 iudicio
975 2116 1217 2160 Caesarem
1250 2115 1613 2174 appellaverat“.
1650 2114 1756 2159 Chr.

164 2193 219 2237 II.
252 2193 323 2250 45,
358 2193 384 2237 9
422 2192 658 2248 „Hilarius
680 2196 810 2237 sexto
843 2208 978 2249 anne,
1011 2197 1261 2252 postquam
1284 2192 1499 2249 redierat,
1532 2192 1582 2237 in
1603 2192 1758 2252 patria

165 2272 325 2315 obiit“.

313 2348 462 2408 „Ubi“
497 2350 775 2409 particulam
824 2349 1059 2410 Sulpicius
1092 2349 1309 2405 Severus¹
1339 2364 1432 2395 uno
1470 2349 1571 2394 loco
1604 2348 1755 2394 Sallu—

163 2428 309 2470 stium
340 2432 529 2471 secutus
562 2441 668 2470 cum
714 2428 947 2485 praesenti
982 2427 1217 2482 historico,
1266 2426 1391 2483 quod
1422 2427 1604 2482 dicitur,
1647 2441 1754 2470 con·

162 2504 338 2561 iungit:
371 2503 479 2549 Chr.
500 2504 561 2549 H.
595 2505 664 2561 25,
688 2505 716 2549 2
745 2504 1012 2563 „Tryphon,
1044 2504 1127 2549 ubi
1159 2520 1207 2548 se
1237 2503 1462 2563 imparem
1482 2503 1641 2560 cernit,
1673 2520 1754 2562 pa-

163 2596 264 2625 cem
310 2580 541 2626 simulat“.
604 2580 686 2626 cfr.
719 2581 829 2626 Sall.
862 2582 973 2640 Jug.
1012 2582 1083 2638 51,
1117 2583 1145 2626 3
1196 2581 1305 2640 „ubi
1350 2580 1483 2626 videt
1529 2580 1755 2627 Numidas

161 2661 317 2705 minus
362 2660 561 2717 instare,
609 2662 837 2719 paulatim
870 2660 1091 2705 conducit
1124 2694 1133 2703 .
1152 2694 1160 2704 .
1179 2694 1188 2705 .
1205 2659 1241 2704 .“
1306 2661 1442 2705 Hanc
1472 2665 1753 2704 structuram

161 2739 345 2796 Plauto,
379 2739 613 2796 Terentio,
645 2739 853 2797 Vergilio
884 2738 1111 2783 usitatam
1156 2753 1321 2798 prosae
1353 2738 1578 2784 orationis
1610 2738 1752 2797 scrip-

160 2822 286 2860 tores
318 2821 506 2875 praeter
538 2817 816 2860 Sallustium
849 2817 1087 2875 aspernati
1118 2820 1230 2860 sunt
1265 2816 1363 2871 (cfr.
1395 2817 1615 2873 Draeger,
1647 2830 1681 2859 S.
1708 2815 1752 2859 h.

159 2892 220 2945 11.
251 2909 358 2954 pag.
391 2895 460 2952 59,
495 2895 554 2955 3).
