1961 3279
822 94 1119 139 ..23-

182 223 410 284 „eruere“.
442 225 503 269 M.
535 226 579 279 9,
613 228 633 270 1
672 225 977 284 „monasterio
1009 223 1151 270 erui“.
1184 224 1291 270 Tac.
1321 239 1426 269 ann.
1459 225 1498 280 2,
1532 224 1601 269 69.
1636 223 1761 282 „solo

322 319 375 348 ac
405 303 663 363 parietibus
691 308 851 348 erutae
884 303 1193 348 humanorum
1216 316 1462 363 corporum
1490 300 1759 360 reliquiae“.

326 380 593 440 „eximere“.
610 381 718 426 Chr.
732 382 768 426 1.
786 383 856 438 54,
873 382 903 426 5
922 396 1135 440 „carcere
1147 379 1429 440 exemptus“.
1453 379 1559 424 Chr.
1576 380 1611 424 Ι.
1635 381 1702 436 11,
1719 381 1760 424 6.

323 458 526 516 Classici,
572 459 654 517 qui
684 464 935 515 vocantur,
983 459 1233 518 scriptores
1264 456 1490 502 adhibent
1521 457 1757 516 praeposi-

321 536 475 579 tiones
509 535 619 594 „ex“
668 540 750 580 aut
785 535 912 593 „de“,
957 536 1238 595 posteriores
1268 540 1454 593 praeter
1484 534 1758 594 praepositi-

322 627 432 657 ones
466 612 575 671 „ex“
610 617 659 657 et
693 612 807 671 „de“⁴
838 612 1051 657 dativum
1082 627 1219 671 saepe
1251 625 1356 658 cum
1387 611 1473 655 hac
1511 625 1627 656 voce
1648 626 1759 655 con-

322 690 542 748 iungunt3
587 690 753 735 Livius
798 690 976 750 primus
1006 689 1252 750 usurpavit
1283 688 1543 736 ablativum
1575 688 1657 734 cfr.
1689 689 1760 745 33,

325 769 393 824 23,
428 769 456 812 2
490 768 747 827 „servitute
777 766 1042 827 exemptos“
1076 771 1124 812 et
1155 767 1348 826 saepius.
1573 765 1577 768 ⁴

184 847 486 903 „emergere“.
518 846 623 890 Chr.
654 846 715 890 H.
752 845 819 899 15,
855 847 879 889 7
916 844 1075 903 „mali-s
1097 843 1377 889 emersisse“.
1409 844 1518 888 Sall.
1540 843 1646 888 hist.
1678 843 1759 888 IV.

327 924 385 966 22
419 923 637 981 „navigia
666 921 814 966 fundo
847 922 1131 982 emergunt‘fl
1161 922 1268 970 Tac.
1300 936 1405 969 ann.
1442 923 1479 980 1,
1510 922 1569 966 65
1603 921 1759 983 „palu-

324 999 461 1045 dibus
493 998 764 1046 emersum“.

614 1224 702 1274 De
742 1223 1317 1289 praepositionibus

323 1380 462 1424 Haud
492 1395 596 1424 raro
631 1379 807 1438 „inter“
841 1381 942 1425 loco
978 1381 1080 1439 „in“
1114 1381 1471 1441 praepositionis
1493 1396 1598 1426 cum
1631 1381 1757 1426 abla-

180 1457 282 1501 tivo
328 1457 603 1503 coniunctae
650 1462 926 1517 usurpatum
973 1463 1045 1502 est
1076 1473 1104 1502 a
1142 1458 1351 1519 Sulpicio
1384 1459 1569 1503 Severo.
1631 1459 1760 1506 Haec

178 1535 249 1579 vis
281 1526 655 1594 praepositionis*
673 1536 863 1593 „inter“,
912 1551 1050 1594 quam
1098 1537 1258 1581 Cicero
1291 1540 1339 1581 et
1370 1537 1538 1583 Caesar
1569 1536 1759 1581 omnino

176 1611 411 1669 aspernati
442 1616 552 1655 sunt
583 1611 684 1670 (οή.
716 1612 925 1670 Draeger
969 1628 1003 1656 s.
1033 1613 1077 1656 h.
1109 1614 1144 1657 I.
1175 1629 1218 1672 p.
1251 1615 1372 1669 608),
1417 1614 1601 1672 saepius
1634 1614 1759 1672 apud

178 1688 464 1744 Sallustium,
496 1689 698 1744 Livium,
742 1690 957 1734 Tacitum
987 1690 1247 1746 invenitur;
1290 1690 1371 1734 cfr.
1403 1691 1512 1735 Sall.
1545 1691 1578 1735 J
1579 1706 1654 1748 ug.
1687 1692 1757 1746 89,

178 1767 207 1809 4
244 1770 371 1823 „erat
401 1766 525 1810 inter
555 1767 769 1824 ingentes
801 1766 1074 1811 solitudines
1106 1766 1329 1827 oppidum
1360 1768 1621 1825 magnum“.
1654 1767 1757 1811 Liv.

178 1844 248 1899 32,
283 1845 350 1899 13,
386 1846 407 1887 1
444 1879 465 1902 „
501 1877 511 1887 .
544 1878 553 1887 .
586 1878 595 1887 .
627 1878 637 1887 .
684 1845 935 1903 angustias,
984 1860 1100 1903 quas
1146 1845 1271 1889 inter
1315 1845 1440 1890 valle
1486 1860 1535 1889 se
1582 1844 1757 1889 flumen

175 1919 425 1965 insinuat“.
458 1921 558 1965 Tac.
593 1936 697 1965 ann.
730 1923 768 1978 2,
802 1923 858 1966 38
894 1922 1060 1977 „etiam
1080 1922 1205 1967 inter
1228 1922 1469 1981 angustias
1492 1921 1755 1966 fortunae“.

177 1998 372 2058 Sulpicii
404 1999 568 2044 Severi
606 1999 716 2045 haec
753 2004 940 2045 exstant
982 2001 1211 2062 exempla:
1243 2001 1299 2045 D.
1330 2001 1364 2045 Ι.
1396 2002 1435 2057 3,
1469 2001 1497 2045 3
1531 2014 1772 2060 „parvum-

176 2077 418 2134 tugurium
468 2077 593 2121 inter
624 2077 820 2122 harenas
852 2078 1118 2136 conspicis“.
1182 2078 1240 2122 D.
1275 2078 1311 2122 Ι.
1345 2080 1386 2135 4,
1419 2080 1448 2122 2
1483 2093 1571 2136 „an
1602 2083 1758 2122 essent

177 2154 324 2211 aliqui
369 2155 494 2199 inter
541 2156 646 2200 illas
689 2156 963 2200 solitudines
1013 2155 1312 2213 Christiani“.
1382 2156 1489 2200 Chr.
1540 2157 1602 2200 H.
1650 2157 1691 2212 5,
1729 2157 1757 2199 3

181 2231 331 2287 „inter
360 2230 535 2289 ignes“.
599 2232 661 2277 M.
705 2233 747 2288 5,
795 2234 825 2277 4
875 2248 955 2292 „ac
999 2233 1204 2293 primum
1249 2233 1374 2277 inter
1422 2232 1568 2292 Alpes
1620 2232 1758 2277 devia

177 2308 404 2352 secutus“.
438 2309 492 2352 E.
526 2309 589 2353 H.
623 2310 650 2352 9
686 2310 835 2367 „inter
864 2310 1155 2354 flammarum
1186 2308 1392 2368 globos“.

324 2384 434 2443 „In“
484 2401 589 2430 cum
635 2387 902 2431 accusativo
950 2387 1076 2447 apud
1122 2387 1381 2446 Sulpicium
1429 2387 1655 2430 Severum
1687 2386 1757 2429 ita,

177 2464 477 2520 construitur,
523 2469 578 2508 ut
624 2478 729 2508 cum
772 2464 1067 2509 substantivo
1100 2464 1399 2509 coniunctum
1431 2463 1640 2508 breviter
1670 2478 1755 2521 pro

176 2540 421 2585 enuntiato
452 2540 581 2585 finali
612 2545 693 2585 aut
726 2541 1036 2599 consecutivo,
1083 2541 1210 2599 quod
1245 2540 1429 2595 dicitur,
1476 2544 1756 2598 usurpatum

179 2617 253 2661 sit.
287 2618 417 2662 Haec
448 2622 692 2674 structura,
730 2618 855 2677 apud
877 2634 1043 2663 aureae
1065 2618 1234 2663 aetatis
1273 2617 1521 2676 scriptores
1554 2622 1601 2661 et
1633 2618 1758 2677 apud

178 2693 453 2739 Sallustium
470 2695 584 2740 satis
600 2710 715 2752 rara,
737 2695 787 2739 in
808 2695 937 2740 Livii
958 2700 1005 2739 et
1024 2694 1179 2739 Taciti
1194 2694 1327 2738 libris
1344 2709 1481 2753 saepe
1501 2694 1755 2750 invenitur,

175 2787 280 2816 raro
309 2773 433 2831 apud
465 2773 741 2832 posteriores
772 2773 1030 2831 scriptores,
1074 2773 1226 2816 Multa
1255 2772 1464 2831 exempla
1495 2788 1522 2816 a
1552 2772 1757 2831 Sulpicio

176 2848 349 2896 Severo
380 2850 533 2915 petita
564 2849 700 2897 affert
731 2849 1037 2910 Lonnergren
1067 2849 1096 2895 1.
1130 2849 1159 2894 1.
1192 2864 1297 2912 pag.
1331 2850 1389 2894 34
1411 2864 1492 2909 sq.,
1524 2864 1663 2912 quam
1696 2849 1756 2898 ob
