<?xml version="1.0" encoding="UTF-8"?>
<!DOCTYPE html PUBLIC "-//W3C//DTD XHTML 1.0 Transitional//EN"
    "http://www.w3.org/TR/xhtml1/DTD/xhtml1-transitional.dtd">
<html xmlns="http://www.w3.org/1999/xhtml" xml:lang="en" lang="en">
 <head>
  <title>
</title>
<meta http-equiv="Content-Type" content="text/html;charset=utf-8" />
  <meta name='ocr-system' content='tesseract 3.04.00' />
  <meta name='ocr-capabilities' content='ocr_page ocr_carea ocr_par ocr_line ocrx_word'/>
</head>
<body>
  <div class='ocr_page' id='page_1' title='image "4738120_0050.png"; bbox 0 0 1961 3279; ppageno 0'>
   <div class='ocr_carea' id='block_1_1' title="bbox 816 81 1114 125">
    <p class='ocr_par' dir='ltr' id='par_1_1' title="bbox 816 81 1114 125">
     <span class='ocr_line' id='line_1_1' title="bbox 816 81 1114 125; baseline -0.007 -7"><span class='ocrx_word' id='word_1_1' title='bbox 816 81 1114 125; x_wconf 85' lang='lat'><strong>-38—</strong></span> 
     </span>
    </p>
   </div>
   <div class='ocr_carea' id='block_1_2' title="bbox 168 210 1761 504">
    <p class='ocr_par' dir='ltr' id='par_1_2' title="bbox 168 210 1761 504">
     <span class='ocr_line' id='line_1_2' title="bbox 168 210 1758 271; baseline -0.001 -14"><span class='ocrx_word' id='word_1_2' title='bbox 168 211 312 270; x_wconf 81' lang='lat' dir='ltr'>Liger</span> <span class='ocrx_word' id='word_1_3' title='bbox 342 210 615 257; x_wconf 78' lang='lat' dir='ltr'>clauserat“.</span> <span class='ocrx_word' id='word_1_4' title='bbox 662 211 770 258; x_wconf 80' lang='lat' dir='ltr'>Chr.</span> <span class='ocrx_word' id='word_1_5' title='bbox 803 212 864 256; x_wconf 89' lang='grc' dir='ltr'>Π.</span> <span class='ocrx_word' id='word_1_6' title='bbox 897 214 937 268; x_wconf 90' lang='lat'>6,</span> <span class='ocrx_word' id='word_1_7' title='bbox 970 214 997 256; x_wconf 89' lang='lat'><strong>3</strong></span> <span class='ocrx_word' id='word_1_8' title='bbox 1033 212 1216 270; x_wconf 82' lang='lat' dir='ltr'>„subito</span> <span class='ocrx_word' id='word_1_9' title='bbox 1238 228 1329 259; x_wconf 70' lang='lat' dir='ltr'>vrex</span> <span class='ocrx_word' id='word_1_10' title='bbox 1359 212 1410 258; x_wconf 88' lang='lat' dir='ltr'>in</span> <span class='ocrx_word' id='word_1_11' title='bbox 1440 212 1619 271; x_wconf 81' lang='lat' dir='ltr'>pariete</span> <span class='ocrx_word' id='word_1_12' title='bbox 1649 227 1758 257; x_wconf 87' lang='lat' dir='ltr'>con-</span> 
     </span>
     <span class='ocr_line' id='line_1_3' title="bbox 168 288 1760 349; baseline -0.001 -14"><span class='ocrx_word' id='word_1_13' title='bbox 168 290 376 349; x_wconf 80' lang='lat' dir='ltr'>spicatur</span> <span class='ocrx_word' id='word_1_14' title='bbox 408 288 584 347; x_wconf 85' lang='lat' dir='ltr'>digitos</span> <span class='ocrx_word' id='word_1_15' title='bbox 615 289 874 335; x_wconf 79' lang='lat' dir='ltr'>scribentes</span> <span class='ocrx_word' id='word_1_16' title='bbox 907 289 1313 349; x_wconf 70' lang='lat' dir='ltr'>cernebanturque</span> <span class='ocrx_word' id='word_1_17' title='bbox 1349 289 1400 335; x_wconf 84' lang='lat' dir='ltr'>in</span> <span class='ocrx_word' id='word_1_18' title='bbox 1431 304 1619 335; x_wconf 73' lang='lat' dir='ltr'>versum</span> <span class='ocrx_word' id='word_1_19' title='bbox 1647 288 1760 348; x_wconf 86' lang='lat' dir='ltr'>duc-</span> 
     </span>
     <span class='ocr_line' id='line_1_4' title="bbox 168 367 1761 425; baseline -0.002 -13"><span class='ocrx_word' id='word_1_20' title='bbox 168 373 247 412; x_wconf 81' lang='lat' dir='ltr'>tae</span> <span class='ocrx_word' id='word_1_21' title='bbox 276 367 506 412; x_wconf 82' lang='lat' dir='ltr'>litterae“.</span> <span class='ocrx_word' id='word_1_22' title='bbox 568 368 678 411; x_wconf 87' lang='lat' dir='ltr'>Chr.</span> <span class='ocrx_word' id='word_1_23' title='bbox 710 368 746 411; x_wconf 88' lang='grc' dir='ltr'>Ι.</span> <span class='ocrx_word' id='word_1_24' title='bbox 779 370 849 422; x_wconf 84' lang='grc'>36,</span> <span class='ocrx_word' id='word_1_25' title='bbox 891 372 908 411; x_wconf 92' lang='grc'>1</span> <span class='ocrx_word' id='word_1_26' title='bbox 959 369 1138 425; x_wconf 86' lang='lat' dir='ltr'>„Deum</span> <span class='ocrx_word' id='word_1_27' title='bbox 1171 369 1373 412; x_wconf 82' lang='lat' dir='ltr'>consulit</span> <span class='ocrx_word' id='word_1_28' title='bbox 1414 369 1685 425; x_wconf 87' lang='lat' dir='ltr'>nullumque</span> <span class='ocrx_word' id='word_1_29' title='bbox 1717 368 1761 410; x_wconf 89' lang='lat' dir='ltr'>ei</span> 
     </span>
     <span class='ocr_line' id='line_1_5' title="bbox 169 442 1675 504; baseline -0.001 -14"><span class='ocrx_word' id='word_1_30' title='bbox 169 458 443 504; x_wconf 81' lang='lat' dir='ltr'>responsum</span> <span class='ocrx_word' id='word_1_31' title='bbox 475 442 681 490; x_wconf 83' lang='lat' dir='ltr'>datum“.</span> <span class='ocrx_word' id='word_1_32' title='bbox 718 444 822 489; x_wconf 90' lang='lat' dir='ltr'>Liv.</span> <span class='ocrx_word' id='word_1_33' title='bbox 855 444 896 501; x_wconf 83' lang='lat'><strong>5,</strong></span> <span class='ocrx_word' id='word_1_34' title='bbox 919 446 990 501; x_wconf 80' lang='lat'><strong>39,</strong></span> <span class='ocrx_word' id='word_1_35' title='bbox 1018 446 1067 489; x_wconf 92' lang='grc'>11</span> <span class='ocrx_word' id='word_1_36' title='bbox 1107 444 1312 504; x_wconf 79' lang='lat' dir='ltr'>„placuit</span> <span class='ocrx_word' id='word_1_37' title='bbox 1438 444 1675 492; x_wconf 69' lang='lat' dir='ltr'>flaminem</span> 
     </span>
    </p>
   </div>
   <div class='ocr_carea' id='block_1_3' title="bbox 102 521 1761 581">
    <p class='ocr_par' dir='ltr' id='par_1_3' title="bbox 102 521 1761 581">
     <span class='ocr_line' id='line_1_6' title="bbox 102 521 1761 581; baseline -0.001 -16"><span class='ocrx_word' id='word_1_38' title='bbox 102 529 105 533; x_wconf 83' lang='grc'><strong>“</strong></span> <span class='ocrx_word' id='word_1_39' title='bbox 169 537 301 566; x_wconf 82' lang='lat' dir='ltr'>sacre</span> <span class='ocrx_word' id='word_1_40' title='bbox 332 522 523 581; x_wconf 83' lang='lat' dir='ltr'>publica</span> <span class='ocrx_word' id='word_1_41' title='bbox 553 536 580 565; x_wconf 86' lang='lat' dir='ltr'><strong>a</strong></span> <span class='ocrx_word' id='word_1_42' title='bbox 612 521 753 566; x_wconf 79' lang='lat' dir='ltr'>caede</span> <span class='ocrx_word' id='word_1_43' title='bbox 785 555 794 564; x_wconf 92' lang='lat'><strong>.</strong></span> <span class='ocrx_word' id='word_1_44' title='bbox 812 555 821 565; x_wconf 94' lang='lat'><strong>.</strong></span> <span class='ocrx_word' id='word_1_45' title='bbox 840 555 849 564; x_wconf 91' lang='lat'>.</span> <span class='ocrx_word' id='word_1_46' title='bbox 882 521 1067 566; x_wconf 83' lang='lat' dir='ltr'>auferre</span> <span class='ocrx_word' id='word_1_47' title='bbox 1113 536 1198 566; x_wconf 92' lang='lat' dir='ltr'>nec</span> <span class='ocrx_word' id='word_1_48' title='bbox 1227 527 1340 566; x_wconf 77' lang='lat' dir='ltr'>ante</span> <span class='ocrx_word' id='word_1_49' title='bbox 1386 522 1536 568; x_wconf 82' lang='lat' dir='ltr'>deseri</span> <span class='ocrx_word' id='word_1_50' title='bbox 1582 522 1761 566; x_wconf 86' lang='lat' dir='ltr'>cultum</span> 
     </span>
    </p>
   </div>
   <div class='ocr_carea' id='block_1_4' title="bbox 170 588 1763 660">
    <p class='ocr_par' dir='ltr' id='par_1_4' title="bbox 170 588 1763 660">
     <span class='ocr_line' id='line_1_7' title="bbox 170 588 1763 660; baseline -0.001 -15"><span class='ocrx_word' id='word_1_51' title='bbox 170 599 366 649; x_wconf 85' lang='lat' dir='ltr'>deorum</span> <span class='ocrx_word' id='word_1_52' title='bbox 399 634 409 645; x_wconf 91' lang='lat'><strong>.</strong></span> <span class='ocrx_word' id='word_1_53' title='bbox 427 634 436 644; x_wconf 92' lang='lat'><strong>.</strong></span> <span class='ocrx_word' id='word_1_54' title='bbox 454 634 463 644; x_wconf 93' lang='lat'>.</span> <span class='ocrx_word' id='word_1_55' title='bbox 482 598 518 645; x_wconf 87' lang='lat'>.“</span> <span class='ocrx_word' id='word_1_56' title='bbox 585 599 694 645; x_wconf 80' lang='lat' dir='ltr'>Tac.</span> <span class='ocrx_word' id='word_1_57' title='bbox 726 615 831 645; x_wconf 85' lang='lat' dir='ltr'>ann.</span> <span class='ocrx_word' id='word_1_58' title='bbox 863 601 904 657; x_wconf 90' lang='lat'>3,</span> <span class='ocrx_word' id='word_1_59' title='bbox 941 601 995 645; x_wconf 86' lang='grc'>12</span> <span class='ocrx_word' id='word_1_60' title='bbox 1035 614 1170 660; x_wconf 76' lang='lat' dir='ltr'>„nam</span> <span class='ocrx_word' id='word_1_61' title='bbox 1202 614 1294 658; x_wconf 91' lang='lat' dir='ltr'>quo</span> <span class='ocrx_word' id='word_1_62' title='bbox 1326 599 1557 660; x_wconf 82' lang='lat' dir='ltr'>pertinuit</span> <span class='ocrx_word' id='word_1_63' title='bbox 1587 588 1763 646; x_wconf 74' lang='lat' dir='ltr'>nudare</span> 
     </span>
    </p>
   </div>
   <div class='ocr_carea' id='block_1_5' title="bbox 171 677 1831 738">
    <p class='ocr_par' dir='ltr' id='par_1_5' title="bbox 171 677 1831 738">
     <span class='ocr_line' id='line_1_8' title="bbox 171 677 1831 738; baseline -0.001 -15"><span class='ocrx_word' id='word_1_64' title='bbox 171 693 340 738; x_wconf 84' lang='lat' dir='ltr'>corpus</span> <span class='ocrx_word' id='word_1_65' title='bbox 372 683 420 722; x_wconf 87' lang='lat' dir='ltr'>et</span> <span class='ocrx_word' id='word_1_66' title='bbox 452 677 840 723; x_wconf 81' lang='lat' dir='ltr'>contrectandum</span> <span class='ocrx_word' id='word_1_67' title='bbox 872 678 1007 737; x_wconf 80' lang='lat' dir='ltr'>vulgi</span> <span class='ocrx_word' id='word_1_68' title='bbox 1038 677 1211 725; x_wconf 83' lang='lat' dir='ltr'>occulis</span> <span class='ocrx_word' id='word_1_69' title='bbox 1242 678 1527 737; x_wconf 70' lang='lat' dir='ltr'>permittere,</span> <span class='ocrx_word' id='word_1_70' title='bbox 1562 678 1761 723; x_wconf 83' lang='lat' dir='ltr'>differri·</span> <span class='ocrx_word' id='word_1_71' title='bbox 1829 680 1831 682; x_wconf 79' lang='grc'><strong>’</strong></span> 
     </span>
    </p>
   </div>
   <div class='ocr_carea' id='block_1_6' title="bbox 172 756 593 820">
    <p class='ocr_par' dir='ltr' id='par_1_6' title="bbox 172 756 593 820">
     <span class='ocr_line' id='line_1_9' title="bbox 172 756 593 820; baseline -0.002 -18"><span class='ocrx_word' id='word_1_72' title='bbox 172 774 265 816; x_wconf 90' lang='lat' dir='ltr'>que</span> <span class='ocrx_word' id='word_1_73' title='bbox 281 757 440 820; x_wconf 21' lang='lat' dir='ltr'>,eti-am</span> <span class='ocrx_word' id='word_1_74' title='bbox 472 790 482 802; x_wconf 94' lang='lat'><strong><em>.</em></strong></span> <span class='ocrx_word' id='word_1_75' title='bbox 499 790 509 801; x_wconf 91' lang='lat'><strong>.</strong></span> <span class='ocrx_word' id='word_1_76' title='bbox 529 791 539 801; x_wconf 93' lang='lat'>.</span> <span class='ocrx_word' id='word_1_77' title='bbox 556 756 593 801; x_wconf 82' lang='lat'>.“</span> 
     </span>
    </p>
   </div>
   <div class='ocr_carea' id='block_1_7' title="bbox 170 835 1768 2451">
    <p class='ocr_par' dir='ltr' id='par_1_7' title="bbox 170 835 1766 1128">
     <span class='ocr_line' id='line_1_10' title="bbox 319 835 1766 895; baseline -0.001 -15"><span class='ocrx_word' id='word_1_78' title='bbox 319 837 364 893; x_wconf 85' lang='lat'>7)</span> <span class='ocrx_word' id='word_1_79' title='bbox 401 835 716 895; x_wconf 81' lang='lat' dir='ltr'>„adiectivum</span> <span class='ocrx_word' id='word_1_80' title='bbox 747 841 796 880; x_wconf 93' lang='lat' dir='ltr'>et</span> <span class='ocrx_word' id='word_1_81' title='bbox 826 836 1117 895; x_wconf 82' lang='lat' dir='ltr'>genetivus.“</span> <span class='ocrx_word' id='word_1_82' title='bbox 1173 836 1279 882; x_wconf 85' lang='lat' dir='ltr'>Chr.</span> <span class='ocrx_word' id='word_1_83' title='bbox 1300 836 1361 881; x_wconf 87' lang='grc' dir='ltr'>Π.</span> <span class='ocrx_word' id='word_1_84' title='bbox 1393 837 1464 893; x_wconf 84' lang='grc'>34,</span> <span class='ocrx_word' id='word_1_85' title='bbox 1488 837 1516 880; x_wconf 92' lang='grc'>2</span> <span class='ocrx_word' id='word_1_86' title='bbox 1549 835 1766 895; x_wconf 76' lang='lat' dir='ltr'>„admota</span> 
     </span>
     <span class='ocr_line' id='line_1_11' title="bbox 171 912 1764 973; baseline 0 -16"><span class='ocrx_word' id='word_1_87' title='bbox 171 914 367 958; x_wconf 76' lang='lat' dir='ltr'>militari</span> <span class='ocrx_word' id='word_1_88' title='bbox 399 929 543 958; x_wconf 84' lang='lat' dir='ltr'>manu</span> <span class='ocrx_word' id='word_1_89' title='bbox 587 919 730 972; x_wconf 78' lang='lat' dir='ltr'>atque</span> <span class='ocrx_word' id='word_1_90' title='bbox 762 914 970 960; x_wconf 77' lang='lat' dir='ltr'>omnium</span> <span class='ocrx_word' id='word_1_91' title='bbox 1011 914 1371 973; x_wconf 75' lang='lat' dir='ltr'>provincialium</span> <span class='ocrx_word' id='word_1_92' title='bbox 1418 912 1764 959; x_wconf 77' lang='lat' dir='ltr'>multitudine“.</span> 
     </span>
     <span class='ocr_line' id='line_1_12' title="bbox 170 989 1762 1050; baseline -0.001 -13"><span class='ocrx_word' id='word_1_93' title='bbox 170 992 279 1038; x_wconf 84' lang='lat' dir='ltr'>Liv.</span> <span class='ocrx_word' id='word_1_94' title='bbox 297 992 367 1049; x_wconf 88' lang='lat'><strong>23,</strong></span> <span class='ocrx_word' id='word_1_95' title='bbox 386 992 456 1048; x_wconf 86' lang='lat'><strong>34,</strong></span> <span class='ocrx_word' id='word_1_96' title='bbox 477 993 501 1036; x_wconf 84' lang='lat'><strong>7</strong></span> <span class='ocrx_word' id='word_1_97' title='bbox 539 991 689 1050; x_wconf 88' lang='lat' dir='ltr'>„inter</span> <span class='ocrx_word' id='word_1_98' title='bbox 722 1006 879 1050; x_wconf 88' lang='lat' dir='ltr'>regem</span> <span class='ocrx_word' id='word_1_99' title='bbox 901 991 1209 1038; x_wconf 76' lang='lat' dir='ltr'>Macedonum</span> <span class='ocrx_word' id='word_1_100' title='bbox 1230 992 1533 1050; x_wconf 89' lang='lat' dir='ltr'>Poenumque</span> <span class='ocrx_word' id='word_1_101' title='bbox 1556 989 1762 1036; x_wconf 85' lang='lat' dir='ltr'>ducem“.</span> 
     </span>
     <span class='ocr_line' id='line_1_13' title="bbox 173 1068 1436 1128; baseline -0.002 -13"><span class='ocrx_word' id='word_1_102' title='bbox 173 1070 282 1115; x_wconf 80' lang='lat' dir='ltr'>Tac.</span> <span class='ocrx_word' id='word_1_103' title='bbox 314 1084 420 1114; x_wconf 80' lang='lat' dir='ltr'>ann.</span> <span class='ocrx_word' id='word_1_104' title='bbox 454 1071 494 1125; x_wconf 92' lang='lat'><strong>2,</strong></span> <span class='ocrx_word' id='word_1_105' title='bbox 527 1071 555 1113; x_wconf 87' lang='lat'><strong>3</strong></span> <span class='ocrx_word' id='word_1_106' title='bbox 590 1070 901 1128; x_wconf 82' lang='lat' dir='ltr'>„Parthorum</span> <span class='ocrx_word' id='word_1_107' title='bbox 934 1075 982 1114; x_wconf 90' lang='lat' dir='ltr'>et</span> <span class='ocrx_word' id='word_1_108' title='bbox 1012 1071 1250 1115; x_wconf 80' lang='lat' dir='ltr'>Romanas</span> <span class='ocrx_word' id='word_1_109' title='bbox 1281 1068 1436 1128; x_wconf 81' lang='lat' dir='ltr'>opes-“.</span> 
     </span>
    </p>

    <p class='ocr_par' dir='ltr' id='par_1_8' title="bbox 173 1146 1768 1517">
     <span class='ocr_line' id='line_1_14' title="bbox 320 1146 1766 1205; baseline 0 -14"><span class='ocrx_word' id='word_1_110' title='bbox 320 1147 367 1203; x_wconf 88' lang='lat'>8)</span> <span class='ocrx_word' id='word_1_111' title='bbox 421 1146 726 1205; x_wconf 85' lang='lat' dir='ltr'>„adverbium</span> <span class='ocrx_word' id='word_1_112' title='bbox 772 1153 821 1192; x_wconf 90' lang='lat' dir='ltr'>et</span> <span class='ocrx_word' id='word_1_113' title='bbox 852 1162 1023 1193; x_wconf 91' lang='lat' dir='ltr'>nomen</span> <span class='ocrx_word' id='word_1_114' title='bbox 1066 1147 1392 1196; x_wconf 75' lang='lat' dir='ltr'>adiectivum.“</span> <span class='ocrx_word' id='word_1_115' title='bbox 1457 1147 1513 1191; x_wconf 90' lang='lat' dir='ltr'>D.</span> <span class='ocrx_word' id='word_1_116' title='bbox 1543 1147 1630 1192; x_wconf 90' lang='lat'>111.</span> <span class='ocrx_word' id='word_1_117' title='bbox 1670 1150 1705 1203; x_wconf 91' lang='lat' dir='ltr'>l,</span> <span class='ocrx_word' id='word_1_118' title='bbox 1737 1147 1766 1191; x_wconf 84' lang='lat'>5</span> 
     </span>
     <span class='ocr_line' id='line_1_15' title="bbox 176 1224 1765 1284; baseline -0.001 -14"><span class='ocrx_word' id='word_1_119' title='bbox 176 1230 304 1284; x_wconf 78' lang='lat' dir='ltr'>„tam</span> <span class='ocrx_word' id='word_1_120' title='bbox 335 1224 494 1279; x_wconf 79' lang='lat' dir='ltr'>subito</span> <span class='ocrx_word' id='word_1_121' title='bbox 527 1230 575 1269; x_wconf 91' lang='lat' dir='ltr'>et</span> <span class='ocrx_word' id='word_1_122' title='bbox 606 1224 877 1284; x_wconf 79' lang='lat' dir='ltr'>insperati“.</span> <span class='ocrx_word' id='word_1_123' title='bbox 917 1226 977 1270; x_wconf 89' lang='lat' dir='ltr'>D.</span> <span class='ocrx_word' id='word_1_124' title='bbox 998 1226 1083 1270; x_wconf 93' lang='grc' dir='ltr'>ΠΙ.</span> <span class='ocrx_word' id='word_1_125' title='bbox 1110 1227 1177 1281; x_wconf 88' lang='lat'>17,</span> <span class='ocrx_word' id='word_1_126' title='bbox 1200 1227 1227 1269; x_wconf 86' lang='lat'><strong>3</strong></span> <span class='ocrx_word' id='word_1_127' title='bbox 1262 1224 1416 1283; x_wconf 85' lang='lat' dir='ltr'>„quod</span> <span class='ocrx_word' id='word_1_128' title='bbox 1437 1225 1515 1270; x_wconf 88' lang='lat' dir='ltr'>vel</span> <span class='ocrx_word' id='word_1_129' title='bbox 1548 1224 1765 1269; x_wconf 80' lang='lat' dir='ltr'>hesterno</span> 
     </span>
     <span class='ocr_line' id='line_1_16' title="bbox 174 1302 1768 1360; baseline -0.001 -12"><span class='ocrx_word' id='word_1_130' title='bbox 174 1303 460 1348; x_wconf 81' lang='lat' dir='ltr'>confecimus</span> <span class='ocrx_word' id='word_1_131' title='bbox 492 1303 570 1347; x_wconf 85' lang='lat' dir='ltr'>vel</span> <span class='ocrx_word' id='word_1_132' title='bbox 601 1302 741 1347; x_wconf 88' lang='lat' dir='ltr'>hodie</span> <span class='ocrx_word' id='word_1_133' title='bbox 772 1303 1017 1349; x_wconf 83' lang='lat' dir='ltr'>diximus“.</span> <span class='ocrx_word' id='word_1_134' title='bbox 1079 1305 1185 1349; x_wconf 80' lang='lat' dir='ltr'>Liv.</span> <span class='ocrx_word' id='word_1_135' title='bbox 1209 1305 1281 1360; x_wconf 85' lang='lat'>23,</span> <span class='ocrx_word' id='word_1_136' title='bbox 1303 1305 1375 1360; x_wconf 82' lang='lat'><strong>34,</strong></span> <span class='ocrx_word' id='word_1_137' title='bbox 1398 1305 1426 1349; x_wconf 86' lang='lat'><strong>3</strong></span> <span class='ocrx_word' id='word_1_138' title='bbox 1463 1303 1691 1357; x_wconf 81' lang='lat' dir='ltr'>„dictator</span> <span class='ocrx_word' id='word_1_139' title='bbox 1711 1302 1768 1346; x_wconf 87' lang='lat' dir='ltr'>de</span> 
     </span>
     <span class='ocr_line' id='line_1_17' title="bbox 173 1379 1766 1440; baseline -0.001 -14"><span class='ocrx_word' id='word_1_140' title='bbox 173 1396 225 1426; x_wconf 82' lang='lat' dir='ltr'>se</span> <span class='ocrx_word' id='word_1_141' title='bbox 256 1395 407 1439; x_wconf 85' lang='lat' dir='ltr'>pauca</span> <span class='ocrx_word' id='word_1_142' title='bbox 438 1385 487 1425; x_wconf 87' lang='lat' dir='ltr'>et</span> <span class='ocrx_word' id='word_1_143' title='bbox 519 1379 700 1425; x_wconf 86' lang='lat' dir='ltr'>modice</span> <span class='ocrx_word' id='word_1_144' title='bbox 730 1380 956 1426; x_wconf 85' lang='lat' dir='ltr'>locutus“.</span> <span class='ocrx_word' id='word_1_145' title='bbox 1020 1382 1126 1426; x_wconf 84' lang='lat' dir='ltr'>Tac.</span> <span class='ocrx_word' id='word_1_146' title='bbox 1159 1396 1262 1425; x_wconf 81' lang='lat' dir='ltr'>ann.</span> <span class='ocrx_word' id='word_1_147' title='bbox 1300 1382 1366 1437; x_wconf 86' lang='lat'><strong>16,</strong></span> <span class='ocrx_word' id='word_1_148' title='bbox 1400 1381 1429 1425; x_wconf 79' lang='grc' dir='ltr'><em>ὃ</em></span> <span class='ocrx_word' id='word_1_149' title='bbox 1471 1380 1655 1439; x_wconf 82' lang='lat' dir='ltr'>„multis</span> <span class='ocrx_word' id='word_1_150' title='bbox 1686 1396 1766 1440; x_wconf 88' lang='lat' dir='ltr'>pa-</span> 
     </span>
     <span class='ocr_line' id='line_1_18' title="bbox 173 1458 869 1517; baseline 0.001 -15"><span class='ocrx_word' id='word_1_151' title='bbox 173 1459 269 1503; x_wconf 82' lang='lat' dir='ltr'>lam</span> <span class='ocrx_word' id='word_1_152' title='bbox 302 1463 351 1503; x_wconf 92' lang='lat' dir='ltr'>et</span> <span class='ocrx_word' id='word_1_153' title='bbox 382 1458 598 1517; x_wconf 83' lang='lat' dir='ltr'>pluribus</span> <span class='ocrx_word' id='word_1_154' title='bbox 629 1458 869 1504; x_wconf 74' lang='lat' dir='ltr'>occultis“,</span> 
     </span>
    </p>

    <p class='ocr_par' dir='ltr' id='par_1_9' title="bbox 175 1535 1767 1906">
     <span class='ocr_line' id='line_1_19' title="bbox 322 1535 1766 1596; baseline -0.001 -16"><span class='ocrx_word' id='word_1_155' title='bbox 322 1538 368 1592; x_wconf 88' lang='grc'>9)</span> <span class='ocrx_word' id='word_1_156' title='bbox 407 1536 701 1595; x_wconf 83' lang='lat' dir='ltr'>„infinitivus</span> <span class='ocrx_word' id='word_1_157' title='bbox 732 1537 994 1595; x_wconf 80' lang='lat' dir='ltr'>praesentis</span> <span class='ocrx_word' id='word_1_158' title='bbox 1025 1536 1200 1596; x_wconf 77' lang='lat' dir='ltr'>passivi</span> <span class='ocrx_word' id='word_1_159' title='bbox 1231 1541 1279 1580; x_wconf 88' lang='lat' dir='ltr'>et</span> <span class='ocrx_word' id='word_1_160' title='bbox 1310 1535 1572 1581; x_wconf 83' lang='lat' dir='ltr'>infinitivus</span> <span class='ocrx_word' id='word_1_161' title='bbox 1590 1550 1766 1593; x_wconf 82' lang='lat' dir='ltr'>gerun-</span> 
     </span>
     <span class='ocr_line' id='line_1_20' title="bbox 175 1612 1766 1672; baseline 0 -15"><span class='ocrx_word' id='word_1_162' title='bbox 175 1613 315 1658; x_wconf 84' lang='lat' dir='ltr'>divi.“</span> <span class='ocrx_word' id='word_1_163' title='bbox 361 1614 423 1657; x_wconf 88' lang='lat' dir='ltr'>M.</span> <span class='ocrx_word' id='word_1_164' title='bbox 446 1615 517 1670; x_wconf 91' lang='grc'>22,</span> <span class='ocrx_word' id='word_1_165' title='bbox 539 1615 569 1658; x_wconf 88' lang='grc'><strong>4</strong></span> <span class='ocrx_word' id='word_1_166' title='bbox 600 1646 637 1672; x_wconf 84' lang='grc'>,,.</span> <span class='ocrx_word' id='word_1_167' title='bbox 654 1647 663 1658; x_wconf 93' lang='grc'><strong>.</strong></span> <span class='ocrx_word' id='word_1_168' title='bbox 681 1647 717 1658; x_wconf 89' lang='grc'>..</span> <span class='ocrx_word' id='word_1_169' title='bbox 750 1614 947 1672; x_wconf 80' lang='lat' dir='ltr'>antiqua</span> <span class='ocrx_word' id='word_1_170' title='bbox 977 1613 1149 1659; x_wconf 78' lang='lat' dir='ltr'>delicta</span> <span class='ocrx_word' id='word_1_171' title='bbox 1180 1613 1385 1658; x_wconf 79' lang='lat' dir='ltr'>melioris</span> <span class='ocrx_word' id='word_1_172' title='bbox 1416 1612 1543 1658; x_wconf 84' lang='lat' dir='ltr'>vitae</span> <span class='ocrx_word' id='word_1_173' title='bbox 1574 1626 1766 1657; x_wconf 90' lang='lat' dir='ltr'>conver-</span> 
     </span>
     <span class='ocr_line' id='line_1_21' title="bbox 175 1689 1767 1751; baseline -0.001 -15"><span class='ocrx_word' id='word_1_174' title='bbox 175 1690 358 1736; x_wconf 74' lang='lat' dir='ltr'>satione*</span> <span class='ocrx_word' id='word_1_175' title='bbox 387 1691 584 1751; x_wconf 85' lang='lat' dir='ltr'>purgari</span> <span class='ocrx_word' id='word_1_176' title='bbox 630 1696 679 1736; x_wconf 89' lang='lat' dir='ltr'>et</span> <span class='ocrx_word' id='word_1_177' title='bbox 709 1707 794 1751; x_wconf 90' lang='lat' dir='ltr'>per</span> <span class='ocrx_word' id='word_1_178' title='bbox 824 1691 1187 1738; x_wconf 82' lang='lat' dir='ltr'>misericordiam</span> <span class='ocrx_word' id='word_1_179' title='bbox 1219 1690 1413 1736; x_wconf 79' lang='lat' dir='ltr'>Domini</span> <span class='ocrx_word' id='word_1_180' title='bbox 1458 1689 1767 1736; x_wconf 76' lang='lat' dir='ltr'>absolvendos</span> 
     </span>
     <span class='ocr_line' id='line_1_22' title="bbox 176 1768 1767 1828; baseline 0.001 -15"><span class='ocrx_word' id='word_1_181' title='bbox 176 1784 275 1813; x_wconf 84' lang='lat' dir='ltr'>esse</span> <span class='ocrx_word' id='word_1_182' title='bbox 305 1768 554 1828; x_wconf 70' lang='lat' dir='ltr'>peccatis“.</span> <span class='ocrx_word' id='word_1_183' title='bbox 618 1770 726 1815; x_wconf 82' lang='lat' dir='ltr'>Tac.</span> <span class='ocrx_word' id='word_1_184' title='bbox 758 1770 866 1813; x_wconf 83' lang='lat' dir='ltr'>hist.</span> <span class='ocrx_word' id='word_1_185' title='bbox 899 1772 939 1826; x_wconf 93' lang='lat'><strong>2,</strong></span> <span class='ocrx_word' id='word_1_186' title='bbox 977 1772 1032 1814; x_wconf 90' lang='lat'>10</span> <span class='ocrx_word' id='word_1_187' title='bbox 1067 1769 1193 1828; x_wconf 75' lang='lat' dir='ltr'>„deri</span> <span class='ocrx_word' id='word_1_188' title='bbox 1224 1775 1422 1828; x_wconf 60' lang='lat' dir='ltr'>tempure,</span> <span class='ocrx_word' id='word_1_189' title='bbox 1455 1769 1531 1813; x_wconf 85' lang='lat' dir='ltr'>edi</span> <span class='ocrx_word' id='word_1_190' title='bbox 1562 1769 1767 1825; x_wconf 81' lang='lat' dir='ltr'>erimina,</span> 
     </span>
     <span class='ocr_line' id='line_1_23' title="bbox 177 1845 1592 1906; baseline -0.001 -13"><span class='ocrx_word' id='word_1_191' title='bbox 177 1847 393 1906; x_wconf 83' lang='lat' dir='ltr'>quamvis</span> <span class='ocrx_word' id='word_1_192' title='bbox 422 1847 633 1899; x_wconf 84' lang='lat' dir='ltr'>invisum</span> <span class='ocrx_word' id='word_1_193' title='bbox 665 1882 675 1892; x_wconf 91' lang='lat'>.</span> <span class='ocrx_word' id='word_1_194' title='bbox 693 1881 702 1893; x_wconf 88' lang='lat'><strong>.</strong></span> <span class='ocrx_word' id='word_1_195' title='bbox 720 1881 729 1892; x_wconf 93' lang='lat'>.</span> <span class='ocrx_word' id='word_1_196' title='bbox 749 1881 759 1892; x_wconf 89' lang='lat'><strong>.</strong></span> <span class='ocrx_word' id='word_1_197' title='bbox 791 1852 951 1895; x_wconf 77' lang='lat' dir='ltr'>tamen</span> <span class='ocrx_word' id='word_1_198' title='bbox 983 1846 1269 1893; x_wconf 80' lang='lat' dir='ltr'>audiendum</span> <span class='ocrx_word' id='word_1_199' title='bbox 1301 1845 1592 1892; x_wconf 58' lang='lat' dir='ltr'>censebanffl.</span> 
     </span>
    </p>

    <p class='ocr_par' dir='ltr' id='par_1_10' title="bbox 172 1924 1768 2209">
     <span class='ocr_line' id='line_1_24' title="bbox 326 1924 1768 1984; baseline 0.001 -16"><span class='ocrx_word' id='word_1_200' title='bbox 326 1927 399 1980; x_wconf 93' lang='lat'>10)</span> <span class='ocrx_word' id='word_1_201' title='bbox 434 1925 589 1970; x_wconf 85' lang='lat' dir='ltr'>Semel</span> <span class='ocrx_word' id='word_1_202' title='bbox 605 1924 857 1984; x_wconf 74' lang='lat' dir='ltr'>‘Sulpicius</span> <span class='ocrx_word' id='word_1_203' title='bbox 890 1925 1093 1970; x_wconf 81' lang='lat' dir='ltr'>Severus</span> <span class='ocrx_word' id='word_1_204' title='bbox 1130 1924 1344 1983; x_wconf 80' lang='lat' dir='ltr'>„modoe“</span> <span class='ocrx_word' id='word_1_205' title='bbox 1379 1924 1544 1970; x_wconf 76' lang='lat' dir='ltr'>variat.</span> <span class='ocrx_word' id='word_1_206' title='bbox 1594 1924 1651 1974; x_wconf 88' lang='lat' dir='ltr'>D.</span> <span class='ocrx_word' id='word_1_207' title='bbox 1683 1925 1768 1969; x_wconf 74' lang='lat'>111.</span> 
     </span>
     <span class='ocr_line' id='line_1_25' title="bbox 177 2000 1766 2062; baseline 0 -16"><span class='ocrx_word' id='word_1_208' title='bbox 177 2002 218 2059; x_wconf 91' lang='lat'><strong>8,</strong></span> <span class='ocrx_word' id='word_1_209' title='bbox 251 2003 279 2046; x_wconf 85' lang='lat'><strong>3</strong></span> <span class='ocrx_word' id='word_1_210' title='bbox 331 2017 440 2061; x_wconf 83' lang='lat' dir='ltr'>„seu</span> <span class='ocrx_word' id='word_1_211' title='bbox 488 2001 615 2061; x_wconf 88' lang='lat' dir='ltr'>quod</span> <span class='ocrx_word' id='word_1_212' title='bbox 661 2002 959 2059; x_wconf 85' lang='lat' dir='ltr'>intellexerit,</span> <span class='ocrx_word' id='word_1_213' title='bbox 1007 2017 1089 2047; x_wconf 85' lang='lat' dir='ltr'>seu</span> <span class='ocrx_word' id='word_1_214' title='bbox 1135 2001 1331 2061; x_wconf 83' lang='lat' dir='ltr'>quod..</span> <span class='ocrx_word' id='word_1_215' title='bbox 1348 2035 1358 2047; x_wconf 90' lang='lat'><strong>.</strong></span> <span class='ocrx_word' id='word_1_216' title='bbox 1390 2001 1604 2062; x_wconf 76' lang='lat' dir='ltr'>privatus</span> <span class='ocrx_word' id='word_1_217' title='bbox 1650 2000 1766 2048; x_wconf 82' lang='lat' dir='ltr'>eet“.</span> 
     </span>
     <span class='ocr_line' id='line_1_26' title="bbox 174 2080 1768 2139; baseline 0.001 -16"><span class='ocrx_word' id='word_1_218' title='bbox 174 2080 280 2127; x_wconf 87' lang='lat' dir='ltr'>Liv.</span> <span class='ocrx_word' id='word_1_219' title='bbox 314 2082 385 2136; x_wconf 86' lang='lat'><strong>30,</strong></span> <span class='ocrx_word' id='word_1_220' title='bbox 416 2082 488 2136; x_wconf 89' lang='lat'><strong>44,</strong></span> <span class='ocrx_word' id='word_1_221' title='bbox 526 2083 581 2125; x_wconf 90' lang='lat'>10</span> <span class='ocrx_word' id='word_1_222' title='bbox 617 2081 805 2139; x_wconf 83' lang='lat' dir='ltr'>„itaque</span> <span class='ocrx_word' id='word_1_223' title='bbox 836 2095 942 2125; x_wconf 90' lang='lat' dir='ltr'>cum</span> <span class='ocrx_word' id='word_1_224' title='bbox 974 2082 1124 2139; x_wconf 81' lang='lat' dir='ltr'>spolia</span> <span class='ocrx_word' id='word_1_225' title='bbox 1154 2114 1164 2125; x_wconf 91' lang='lat'><strong>.</strong></span> <span class='ocrx_word' id='word_1_226' title='bbox 1182 2114 1192 2124; x_wconf 89' lang='lat'><strong>.</strong></span> <span class='ocrx_word' id='word_1_227' title='bbox 1210 2114 1220 2124; x_wconf 91' lang='lat'>.</span> <span class='ocrx_word' id='word_1_228' title='bbox 1251 2081 1630 2136; x_wconf 63' lang='lat' dir='ltr'>detrahebantur,</span> <span class='ocrx_word' id='word_1_229' title='bbox 1662 2095 1768 2124; x_wconf 91' lang='lat' dir='ltr'>cum</span> 
     </span>
     <span class='ocr_line' id='line_1_27' title="bbox 172 2157 832 2209; baseline 0.003 -8"><span class='ocrx_word' id='word_1_230' title='bbox 172 2157 405 2205; x_wconf 82' lang='lat' dir='ltr'>inermem</span> <span class='ocrx_word' id='word_1_231' title='bbox 437 2191 447 2202; x_wconf 90' lang='lat'><strong><em>.</em></strong></span> <span class='ocrx_word' id='word_1_232' title='bbox 465 2191 474 2201; x_wconf 91' lang='lat'>.</span> <span class='ocrx_word' id='word_1_233' title='bbox 493 2191 503 2202; x_wconf 90' lang='lat'><strong>.</strong></span> <span class='ocrx_word' id='word_1_234' title='bbox 534 2157 832 2209; x_wconf 84' lang='lat' dir='ltr'>cerneretis“.</span> 
     </span>
    </p>

    <p class='ocr_par' dir='ltr' id='par_1_11' title="bbox 176 2235 1768 2377">
     <span class='ocr_line' id='line_1_28' title="bbox 328 2235 1768 2294; baseline -0.001 -14"><span class='ocrx_word' id='word_1_235' title='bbox 328 2238 402 2291; x_wconf 91' lang='grc'>11)</span> <span class='ocrx_word' id='word_1_236' title='bbox 454 2235 746 2294; x_wconf 80' lang='lat' dir='ltr'>„infinitivus</span> <span class='ocrx_word' id='word_1_237' title='bbox 789 2236 1040 2289; x_wconf 84' lang='lat' dir='ltr'>historicus</span> <span class='ocrx_word' id='word_1_238' title='bbox 1071 2240 1119 2279; x_wconf 86' lang='lat' dir='ltr'>et</span> <span class='ocrx_word' id='word_1_239' title='bbox 1150 2236 1349 2281; x_wconf 86' lang='lat' dir='ltr'>verbum</span> <span class='ocrx_word' id='word_1_240' title='bbox 1395 2235 1622 2284; x_wconf 84' lang='lat' dir='ltr'>finitum.“</span> <span class='ocrx_word' id='word_1_241' title='bbox 1687 2235 1768 2280; x_wconf 86' lang='lat' dir='ltr'>cfr.</span> 
     </span>
     <span class='ocr_line' id='line_1_29' title="bbox 176 2316 385 2377; baseline 0 -20"><span class='ocrx_word' id='word_1_242' title='bbox 176 2329 281 2377; x_wconf 83' lang='lat' dir='ltr'>pag.</span> <span class='ocrx_word' id='word_1_243' title='bbox 318 2316 385 2368; x_wconf 85' lang='grc'>13.</span> 
     </span>
    </p>

    <p class='ocr_par' dir='ltr' id='par_1_12' title="bbox 328 2389 1545 2451">
     <span class='ocr_line' id='line_1_30' title="bbox 328 2389 1545 2451; baseline -0.002 -15"><span class='ocrx_word' id='word_1_244' title='bbox 328 2392 401 2447; x_wconf 92' lang='grc'>12)</span> <span class='ocrx_word' id='word_1_245' title='bbox 440 2390 725 2451; x_wconf 77' lang='lat' dir='ltr'>„particulae</span> <span class='ocrx_word' id='word_1_246' title='bbox 756 2389 1090 2451; x_wconf 78' lang='lat' dir='ltr'>copulativae.“</span> <span class='ocrx_word' id='word_1_247' title='bbox 1156 2390 1239 2445; x_wconf 57' lang='lat' dir='ltr'>ofin</span> <span class='ocrx_word' id='word_1_248' title='bbox 1268 2405 1373 2450; x_wconf 82' lang='lat' dir='ltr'>pag.</span> <span class='ocrx_word' id='word_1_249' title='bbox 1406 2391 1464 2436; x_wconf 86' lang='lat'>25</span> <span class='ocrx_word' id='word_1_250' title='bbox 1479 2405 1545 2449; x_wconf 82' lang='lat' dir='ltr'>sq.</span> 
     </span>
    </p>
   </div>
  </div>
 </body>
</html>
