1961 3279
788 125 1084 171 ...50-

141 256 381 302 haereticis
411 271 507 302 non
537 255 962 316 reprehenderem“.
992 255 1051 300 D.
1080 256 1162 302 III.
1197 258 1235 314 7,
1268 258 1298 302 5
1328 290 1352 314 „
1385 291 1395 302 .
1430 290 1440 301 .
1471 290 1481 301 .
1514 290 1525 302 .
1567 255 1727 301 memi-

141 335 254 379 nisti
300 348 451 393 nuper
496 334 632 379 nobis
680 348 821 393 super
866 333 955 378 hoc
1001 346 1106 377 cum
1151 334 1355 378 Romulo
1394 369 1404 379 .
1439 369 1449 379 .
1483 368 1492 379 .
1525 369 1535 379 .
1583 332 1729 378 fuisse

142 413 441 456 sermonem“.
488 411 596 456 Chr.
642 412 699 455 H.
754 413 820 467 10,
868 412 896 455 5
941 412 1172 468 „ceterum
1207 410 1405 455 Esdram
1441 411 1561 455 nihil
1591 425 1729 470 super

142 489 390 534 reficienda
430 490 549 534 urbe
579 490 728 547 egisse
759 489 1013 548 conperio“.
1076 489 1139 534 M.
1173 491 1240 546 18,
1271 491 1302 534 4
1333 523 1369 546 ‚‚.
1392 525 1401 534 .
1427 524 1436 534 .
1470 489 1597 547 quod
1625 489 1727 532 fim-

142 567 268 612 briae
298 567 577 612 vestimento
610 567 710 611 eius
741 567 984 626 cilicioque
1014 565 1238 612 detractae
1268 567 1449 612 crebres
1486 581 1628 626 super
1657 566 1727 611 in-

141 646 435 690 firmantibus
477 660 613 703 egere
691 646 700 654 '
751 647 891 689 utes“.
924 670 980 677 —
1012 646 1071 689 In
1111 644 1376 703 appendicis
1414 645 1622 703 epistolis
1652 644 1728 688 hic

142 737 256 767 usus
287 738 383 767 non
413 647 976 782 inveniturffiamquam
1006 721 1165 767 multis
1194 722 1307 767 locis
1339 723 1435 768 erat
1471 722 1640 768 occasio
1673 721 1729 767 ad

142 801 259 845 hanc
289 801 680 859 praepositionem
712 800 1025 859 usurpandam
1056 799 1156 859 (cfr.
1189 814 1292 859 pag.
1318 802 1417 857 219,
1453 801 1521 845 15.
1553 802 1653 856 221,
1686 801 1725 845 8.

143 879 243 933 225,
277 879 317 923 8.
353 879 453 935 225,
490 879 556 923 13.
607 879 708 935 226,
744 880 798 923 17
832 880 879 923 et
910 880 981 923 21.
1031 879 1131 936 227,
1168 879 1235 923 15.
1284 880 1384 935 230,
1417 879 1488 923 20.
1537 879 1637 934 233,
1675 879 1729 923 10

145 956 254 1011 (bis)
290 958 336 999 et
371 957 437 999 11.
473 957 574 1012 234,
607 957 647 999 8.
682 957 782 1012 238,
819 958 856 999 1.
906 956 1006 1012 239,
1039 957 1067 1000 3
1099 958 1144 1000 et
1175 956 1215 1000 5.
1266 956 1365 1013 240,
1399 957 1467 1000 22.
1523 956 1622 1012 242,
1659 956 1726 999 19.

143 1034 244 1090 248,
277 1034 316 1078 2.
352 1033 452 1091 252,
485 1034 554 1078 22.
590 1033 690 1090 253,
724 1034 752 1078 3
784 1034 831 1078 et
864 1033 932 1078 15.
968 1033 1069 1091 255,
1102 1033 1160 1091 9).

665 1727 1212 1756 ——fflffaffiae——fflae-
