1961 3279
270 776 448 822 Rerum
495 777 773 837 scriptorum
817 774 979 836 populi
1016 774 1219 821 Romani
1247 774 1431 835 'primus
1462 773 1706 819 historiam

127 855 375 901 artificiose
405 855 666 916 composuit
699 854 844 899 Gaius
866 853 1117 899 Sallustius
1139 853 1329 914 Crispus
1361 857 1503 912 atque
1534 866 1705 909 omneS‚

127 934 205 991 qui
239 937 377 978 antea
406 948 479 978 res
510 948 539 978 a
567 931 794 978 Romanis
830 936 986 990 gestas
1015 936 1359 988 tractaverunt,
1399 932 1540 990 longe
1570 945 1706 990 supe-

125 1011 263 1056 ravit.
297 1012 448 1065 Quam
479 1011 539 1057 ob
577 1025 675 1055 rem
706 1015 890 1055 veteres
927 1010 1174 1069 scriptores
1204 1024 1300 1054 non
1331 1009 1482 1054 solum
1512 1008 1707 1053 summis

125 1087 342 1133 laudibus
389 1088 659 1133 extulerunt
715 1087 991 1132 Sallustium
1038 1113 1094 1119 —
1140 1087 1339 1147 exempli
1385 1101 1523 1131 causa
1567 1085 1706 1131 laudo

126 1166 356 1210 Martialis
388 1166 531 1226 epigr.
566 1167 633 1222 14,
671 1166 750 1209 191
802 1165 917 1221 „Hic
958 1164 1059 1221 erit,
1091 1168 1145 1209 ut
1166 1163 1431 1224 perhibent,
1463 1163 1706 1210 doctorum

342 1243 482 1288 corda
510 1243 730 1298 virorum,

340 1320 526 1365 Primus
545 1321 760 1365 Romana
796 1319 986 1380 Crispus
1018 1319 1069 1363 in
1099 1318 1320 1364 historia“
1354 1345 1409 1352 —
1450 1318 1532 1364 sed
1562 1320 1704 1366 etiam

127 1399 185 1443 ad
237 1399 517 1443 imitandum
562 1399 652 1443 sibi
704 1413 809 1443 eum
859 1402 1221 1458 proposuerunt,
1274 1402 1321 1442 et
1370 1398 1470 1458 ipse
1515 1399 1707 1443 Tacitus

127 1491 307 1533 „rerum
352 1477 672 1522 Romanarum
714 1475 1033 1520 florentissimi
1070 1475 1301 1519 auctoris“
1332 1474 1570 1520 studiosus
1600 1475 1706 1521 fuit.

126 1555 290 1611 Neque
324 1558 431 1613 post
479 1554 631 1598 Taciti
678 1557 876 1598 aetatem
915 1552 1165 1597 Sallustius
1196 1553 1422 1598 oblivioni
1454 1553 1592 1598 datus
1622 1559 1706 1610 est,

126 1630 208 1676 sed
238 1632 376 1677 multi
407 1631 655 1692 scriptores
702 1631 980 1691 posteriores
1013 1629 1072 1676 ad
1103 1630 1200 1676 eius
1241 1629 1426 1676 dicendi
1454 1646 1602 1691 genus
1633 1646 1706 1678 re-

125 1710 275 1767 gressi
305 1713 417 1753 sunt
450 1714 497 1753 et
528 1709 747 1768 profinae,
779 1714 833 1752 ut
864 1709 935 1752 ita
964 1708 1129 1765 dicam,
1160 1709 1383 1753 historiae
1414 1715 1627 1754 auctores
1658 1715 1706 1753 et

126 1786 375 1846 scriptores
422 1786 718 1830 ecclesiastici
765 1785 847 1844 qui
883 1790 1132 1830 vocantur.
1194 1785 1382 1843 Eorum,
1415 1787 1492 1844 qui
1526 1800 1706 1832 sacrum

125 1863 369 1908 historiam
400 1863 784 1923 conscripserunt,
831 1863 1059 1923 imprimis
1107 1864 1341 1924 Sulpicius
1372 1864 1572 1910 Severus
1604 1865 1704 1910 Sal-

125 1942 256 1986 lustii
287 1942 496 1986 imitator
527 1941 956 1987 commemorandus
988 1946 1077 1999 est,
1110 1946 1158 1986 et
1188 1946 1326 1986 tanta
1361 1942 1551 2000 quidem
1581 1943 1706 1988 inter

127 2033 204 2063 eos
236 2019 493 2064 similitudo
539 2019 800 2076 intercedit,
848 2024 902 2064 ut
933 2019 1156 2064 Barthius
1188 2019 1447 2080 Sulpicium
1478 2020 1705 2066 Severum

129 2098 342 2142 nominet
388 2097 732 2155 „Christianum
779 2097 1090 2143 Sallustium“.
1152 2099 1450 2158 Quantopere
1496 2098 1707 2145 Sallustii

126 2192 268 2236 opera
298 2177 493 2236 Sulpicii
523 2177 685 2223 Severi
716 2178 869 2222 animo
917 2177 1164 2222 observata
1194 2178 1302 2234 sint,
1348 2177 1487 2222 multi
1517 2178 1587 2222 illi
1616 2177 1706 2223 loci

126 2254 299 2299 similes
359 2254 631 2312 ostendunt,
699 2270 816 2313 quos
868 2270 925 2300 ex
974 2260 1176 2314 utroque
1228 2256 1454 2315 scriptore
1505 2256 1705 2300 contulit

126 2332 303 2391 Pratje:
335 2333 666 2389 „Quaestiones
685 2333 995 2378 Sallustianae
1011 2333 1070 2377 ad
1091 2334 1144 2378 L.
1168 2333 1449 2393 Septimium
1471 2338 1518 2377 et
1549 2333 1704 2393 Sulpi-

127 2411 250 2455 cium
298 2411 524 2456 Severum
571 2411 781 2456 Sallustii
827 2412 1087 2457 imitatores
1133 2412 1481 2471 spectantes“.¹)
1542 2412 1704 2471 Neque

274 2629 309 2675 1)
336 2627 373 2666 N
374 2626 543 2666 onnullos
567 2626 666 2666 locos
691 2638 826 2676 eorum,
852 2639 942 2677 quos
967 2627 1120 2677 collegit
1143 2627 1281 2677 Pratje,
1307 2628 1436 2667 afferre
1460 2628 1550 2666 mihi
1575 2628 1702 2666 liceat:

452 2710 554 2749 Sall.
1208 2711 1325 2758 Sulp-
1358 2711 1448 2749 Sev-

126 2776 208 2825 Iug.
233 2777 269 2824 4,
294 2779 316 2814 9
345 2789 489 2823 „verum
526 2790 593 2825 ego
618 2778 768 2815 liberius
793 2779 877 2816 alti·
950 2778 1034 2816 Chr.
1059 2778 1080 2814 1
1105 2778 1164 2825 23,
1190 2778 1210 2814 7
1239 2777 1325 2823 „sed
1348 2778 1493 2826 longius
1510 2789 1619 2826 quam
1643 2790 1704 2815 vo-

176 2854 290 2891 usque
315 2844 484 2891 processi,
522 2843 608 2880 dum
632 2855 691 2881 me
716 2845 877 2882 civitatis
997 2844 1052 2880 lui
1078 2854 1244 2892 egressus
1282 2854 1372 2890 sum,
1412 2843 1497 2880 dum
1527 2855 1586 2880 me
1611 2846 1702 2880 tem—

174 2920 315 2946 morum
338 2909 443 2958 piget
466 2910 683 2957 taedetque:
710 2922 806 2948 nunc
832 2912 878 2948 ad
998 2921 1127 2958 porum
1168 2913 1373 2947 nostrorum
1420 2911 1525 2957 piget
1561 2910 1702 2947 taedet-

173 2975 359 3024 inceptum
382 2975 526 3013 redeo“.
997 2988 1085 3025 que:
1112 2976 1160 3013 ad
1182 2977 1369 3024 inceptum
1392 2975 1511 3013 redeo.

1532 3039 1553 3085 1
