1961 3279
815 87 1110 132 —44—

312 216 381 263 Ut
412 218 701 276 comprobet,
748 220 950 278 reliquas
997 220 1266 281 appendicis
1314 220 1534 280 epistolas
1564 219 1624 266 ad
1655 219 1755 266 Sul-

167 296 342 353 picium
364 296 592 340 Severum
623 297 891 342 referendas
923 314 1034 355 esse,
1056 300 1268 344 Paucker
1289 315 1345 344 ex
1367 299 1600 344 Gennadii
1631 304 1756 344 cata-

167 374 275 432 logo
308 373 447 419 affert
478 374 605 419 hunc
634 375 808 420 locum:
857 376 1068 435 „scripsit
1100 382 1149 422 et
1180 377 1239 422 ad
1270 378 1520 423 Paulinum
1561 376 1677 422 duas
1708 381 1756 422 et

169 451 229 497 ad
261 452 375 497 alios
408 452 536 510 alias,
571 452 651 498 sed
675 453 784 512 quia
814 453 865 498 in
897 454 1132 513 aliquibus
1154 455 1296 501 etiam
1327 454 1569 500 familiaris
1600 470 1756 500 neces-

169 531 283 575 sitas
314 531 491 575 inserta
521 536 606 587 est,
637 546 733 575 non
756 531 1076 589 digeruntur“.
1109 534 1267 578 Verba
1295 532 1508 591 „scripsit
1530 566 1540 576 .
1557 566 1567 576 .
1583 566 1593 576 .
1615 532 1757 577 duas“

167 609 380 653 Paucker
427 608 487 653 ad
518 609 710 654 tertiam
757 610 1026 668 appendicis
1066 610 1311 668 epistolam
1356 614 1564 670 spectare
1606 615 1755 669 putat,

167 687 315 731 verba
360 692 435 744 „et
467 687 527 732 ad
558 688 674 732 alios
706 689 820 733 alias
851 723 891 733 ..
908 723 918 733 .
935 724 945 734 .
978 689 1283 748 digeruntur“
1330 689 1389 734 ad
1424 690 1628 749 reliquas
1658 689 1755 749 epi-

168 766 324 810 stolaS.
387 766 525 820 Quod
557 781 650 824 quo
681 767 783 811 iure
814 782 842 812 a
871 767 1112 812 Pauckero
1160 767 1339 812 dictum
1370 768 1451 824 sit,
1500 767 1755 827 apparebit,

168 842 206 886 si
237 843 384 887 locuti
416 843 589 888 erimus
621 843 678 888 de
709 859 824 889 voce
856 844 1198 902 „digeruntur“.
1259 845 1365 889 Non
1397 844 1630 903 significat
1660 844 1756 901 „di-

167 936 348 980 spersas
396 921 474 980 (sc.
507 922 749 982 epistolas)
794 923 845 967 in
875 939 1022 968 uuum
1054 939 1221 982 corpus
1252 923 1582 981 coniungere‘ss*
1617 938 1756 981 quam

167 1000 408 1045 notionem
441 1000 486 1045 ei
516 1000 669 1046 inesse
700 1000 861 1060 Migne
882 1002 988 1046 vult
1019 1001 1112 1060 (1.1.
1144 1016 1247 1061 pag.
1270 1000 1366 1061 82);
1397 1015 1507 1045 nam
1537 1015 1631 1046 vox
1661 999 1757 1061 „di-

167 1079 389 1136 gerendi“
421 1080 523 1137 ipsa
552 1079 601 1123 id
633 1094 728 1123 non
759 1080 901 1135 valet,
945 1095 1085 1137 quam
1118 1080 1177 1124 ob
1209 1094 1306 1123 rem
1340 1078 1623 1135 Gennadius,
1669 1078 1757 1122 hoc

167 1156 206 1199 si
238 1156 391 1201 dicere
422 1157 667 1213 voluisset,
716 1158 896 1215 aliquid
926 1158 1097 1202 addere
1129 1158 1385 1213 debuisset,
1432 1157 1566 1201 velut
1596 1157 1672 1213 „in
1701 1156 1756 1199 li-

167 1233 345 1290 brum“,
392 1238 448 1277 ut
480 1248 586 1277 cum
616 1234 704 1278 hoc
750 1234 1050 1280 substantivo
1097 1235 1398 1279 coniunctum
1428 1233 1530 1292 ipso
1576 1232 1756 1277 addita-

167 1317 327 1356 mento
361 1312 625 1370 ‚‚digerere“
656 1313 705 1356 id
736 1314 1035 1371 significaret,
1079 1314 1205 1371 quod
1236 1314 1396 1370 Migne
1428 1327 1485 1356 ex
1515 1312 1614 1356 sola
1643 1327 1758 1356 voce
1841 1366 1847 1368 λ
1882 1341 1886 1345 -

168 1389 465 1448 „digerendi“
486 1389 838 1449 interpretando
862 1391 1034 1436 elicuit.
1064 1391 1340 1449 ‚‚Digerere“
1361 1390 1501 1446 valet,
1523 1394 1578 1434 ut
1599 1393 1759 1433 nostra

108 1503 109 1506 ,
166 1467 331 1525 lingua
361 1472 490 1511 utar:
534 1467 1052 1525 „auseinanderfflhrem
1084 1468 1204 1512 nach
1236 1467 1327 1512 den
1357 1467 1535 1512 theilen
1567 1465 1756 1523 ordnen‚

168 1546 250 1590 der
282 1546 410 1590 reihe
441 1546 561 1590 nach
594 1547 622 1590 i.
654 1562 691 1591 e.
724 1547 907 1591 einzeln
940 1546 1226 1591 aufzahleu“.
1273 1546 1405 1590 Idem
1436 1546 1585 1604 igitur
1616 1544 1758 1602 signi-

167 1624 278 1668 ficat
310 1623 643 1682 „digeruntur“
676 1629 820 1682 atque
851 1624 1042 1681 „ordine
1063 1625 1437 1681 enumerantur“‚
1470 1628 1518 1668 et
1540 1622 1759 1667 subaudi·

169 1700 342 1745 endum
389 1705 461 1745 est
508 1701 623 1758 „hoc
653 1702 782 1746 loco“
832 1702 933 1746 sive
980 1718 1033 1758 „a
1064 1703 1174 1746 me“.
1241 1700 1441 1745 Addidit
1489 1699 1761 1745 Gennadius

168 1779 314 1824 verba
360 1779 469 1836 „sed
511 1779 623 1838 quia
655 1813 664 1823 .
682 1814 691 1823 .
709 1814 718 1823 .
736 1813 746 1823 .
778 1779 1084 1838 digeruntur“
1131 1780 1190 1823 ob
1223 1794 1324 1823 eam
1371 1779 1516 1822 solam
1563 1793 1761 1848 cagsam,

169 1856 296 1915 quod
327 1856 496 1913 omnia,
529 1872 650 1915 quae
681 1857 868 1915 scripsit
900 1857 1135 1915 Sulpicius
1156 1856 1371 1912 Severus,
1405 1860 1761 1900 enumeraturus

171 1939 243 1978 est
289 1933 390 1990 (cfr.
423 1934 613 1992 Sulpicii
647 1935 806 1979 Severi
837 1935 987 1979 vitam
1020 1950 1047 1978 a
1079 1933 1325 1978 Gennadio
1369 1933 1681 1991 conscriptam
1712 1933 1762 1976 in

172 2011 241 2055 ed.
272 2012 426 2056 Halm.
458 2012 602 2070 praef.
634 2027 738 2070 pag.
769 2012 926 2071 XIII).
990 2011 1262 2056 Gennadius
1309 2011 1457 2069 igitur
1503 2010 1617 2055 alias
1665 2010 1761 2068 epi*

169 2089 314 2133 stolas
345 2104 441 2133 non
467 2089 619 2148 digeri
650 2089 750 2135 sive
773 2089 1035 2135 enumerari
1067 2105 1094 2134 a
1115 2105 1165 2134 se
1189 2088 1315 2145 dicit,
1347 2088 1485 2146 „quia
1514 2087 1565 2131 in
1596 2086 1760 2146 aliqui-

170 2167 259 2211 bus
291 2167 434 2210 etiam
480 2166 724 2211 familiaris
769 2168 1021 2211 necessitas
1068 2167 1245 2210 inserta
1284 2166 1384 2209 sitf‘.
1447 2165 1763 2224 Opponuntur

170 2244 408 2302 epistolae,
442 2244 493 2288 in
524 2245 696 2303 quibus
728 2244 973 2303 familiaris
1005 2243 1257 2288 necessitas
1289 2243 1466 2288 inserta
1496 2247 1568 2287 est
1598 2243 1669 2299 iis,
1713 2243 1762 2286 in

171 2322 343 2379 quibus
374 2336 470 2365 non
502 2327 573 2366 est
604 2306 783 2366 inserta
814 2322 915 2366 sive
948 2337 1068 2379 quae
1098 2325 1433 2364 enumerantur
1464 2321 1491 2364 i.
1514 2337 1551 2365 e.
1582 2320 1763 2365 duabus

171 2399 381 2457 epistolis
414 2398 474 2443 ad
505 2399 756 2443 Paulinum
803 2399 1001 2457 scriptis,
1050 2412 1248 2456 quarum
1296 2398 1490 2442 alteram
1537 2397 1762 2442 traditam

171 2492 269 2520 esse
290 2477 501 2520 Paucker
531 2482 682 2534 putat.
715 2476 801 2521 Sed
834 2477 1003 2534 effugit
1034 2476 1159 2519 hunc
1190 2475 1345 2519 virum
1379 2475 1578 2532 doctum,
1620 2475 1763 2520 etiam

170 2555 219 2598 in
254 2554 452 2613 epistola
498 2554 557 2598 ad
588 2555 839 2599 Paulinum
879 2554 1051 2611 scripta
1081 2553 1306 2596 insertam
1339 2567 1440 2597 esse
1486 2552 1763 2598 familiarem

169 2632 509 2689 necessitatem,
556 2632 682 2676 unde
715 2632 929 2688 efficitur,
972 2631 1162 2675 tertiam
1196 2630 1448 2689 epistolam,
1481 2645 1762 2690 quamquam

171 2711 230 2755 ad
260 2712 512 2754 Paulinum
545 2711 717 2767 scripta
748 2715 831 2765 est,
864 2725 892 2753 a
923 2709 1122 2766 Sulpicio
1157 2709 1325 2751 Severo
1358 2708 1558 2752 alienam
1590 2723 1701 2752 esse.

316 2787 390 2831 Ex
422 2787 490 2844 iis,
539 2802 659 2846 quae
691 2786 800 2844 dixi,
850 2786 966 2831 satis
997 2785 1211 2843 intellegi
1251 2799 1386 2844 posse
1417 2784 1530 2829 mihi
1562 2783 1763 2842 videtur,

170 2866 283 2909 locis
315 2880 342 2909 a
373 2865 612 2909 Pauckero
661 2880 719 2909 ex
751 2864 986 2909 Gennadii
1036 2863 1241 2920 catalogo
1289 2862 1485 2907 laudatis
1516 2877 1611 2906 non
1641 2876 1763 2906 com·
1848 2880 1852 2884 ¹
1886 2884 1893 2888 -
