1961 3279
832 127 1128 180 ..M-

190 263 387 322 „Daniel
409 265 562 309 clarus
594 270 705 310 ante
736 266 902 311 clarior
933 266 1137 311 haberi“.
1185 267 1246 311 M.
1272 269 1339 323 13,
1362 269 1389 311 9
1425 271 1555 327 „tum
1576 281 1688 312 vero
1709 300 1718 311 .
1736 300 1746 311 .
1763 300 1773 311 .

186 346 377 401 stupere
398 342 635 399 miraculo,
667 343 884 386 monachi
904 343 1018 387 flere
1048 359 1160 403 prae
1182 344 1365 402 gaudio,
1397 345 1573 389 Christi
1605 359 1773 406 nomen
1801 334 1806 339 ⁶

186 418 236 461 in
267 433 511 463 commune
543 419 602 463 ab
635 420 852 464 omnibus
882 420 1182 479 praedicari“.
1230 421 1286 465 D.
1308 422 1343 465 Ι.
1370 423 1437 477 18,
1461 423 1489 465 3
1524 422 1630 480 „ille
1659 435 1772 466 vero

185 495 305 539 nihil
337 530 346 540 .
364 529 374 540 .
391 529 401 540 .
433 495 739 555 permoveri“.
802 496 881 542 cfr.
916 498 1021 542 Liv.
1054 499 1094 554 9,
1126 499 1197 554 40,
1236 500 1290 542 14
1342 499 1461 557 „iam
1502 503 1660 557 strage
1690 498 1772 543 ho-

187 573 366 617 minum
415 588 744 631 armorumque
775 574 1032 632 insignium
1074 575 1227 634 campi
1257 575 1467 634 repleri“.
1531 576 1636 620 Tac.
1667 591 1772 620 ann.

185 653 227 706 4,
250 652 308 695 69
343 656 509 709 „notae
540 651 824 709 ignotaeque
857 667 991 696 aures
1013 652 1201 696 vitari“.
1245 653 1356 697 Sall.
1378 654 1479 697 Cat.
1501 655 1571 709 27,
1595 655 1622 697 2
1647 649 1773 712 „ipse

185 742 292 771 cum
322 728 418 772 telo
450 743 560 784 esse,
591 728 707 772 item
730 728 846 772 alios
877 729 1049 785 iubere,
1081 729 1261 773 hortari
1294 763 1303 773 .
1321 763 1330 773 .
1348 763 1358 774 .
1391 729 1489 774 dies
1519 734 1773 789 noctesque

187 805 424 862 festinare,
456 807 667 863 vigilare,
706 823 859 863 neque
890 808 1134 851 insomniis
1167 824 1319 864 neque
1350 809 1509 852 labore
1539 808 1773 865 fatigari“.

329 883 511 940 Restat,
543 887 598 925 ut
619 896 768 942 pauca
800 882 1007 926 dicamus
1030 883 1087 926 de
1118 888 1382 945 temporum
1403 898 1502 927 usu.
1540 884 1772 945 Sulpicius

185 965 387 1007 Severus
419 964 682 1019 perfectum
724 965 974 1017 aliquoties
1014 966 1461 1020 plusquamperfecti
1491 968 1592 1007 loco
1638 982 1771 1007 usur-

182 1037 329 1100 pavit.
392 1036 446 1085 E.
478 1036 565 1084 HI.
602 1038 655 1084 17
709 1037 994 1100 „testatique
1023 1038 1160 1086 nobis
1191 1043 1313 1098 sunt,
1353 1038 1434 1100 qui
1466 1038 1639 1087 ibidem
1672 1037 1771 1087 fue-

183 1122 308 1171 runt,
347 1117 523 1159 vidisse
555 1133 604 1160 se
635 1119 823 1161 vultum
863 1119 961 1161 eius
993 1123 1234 1174 tamquam
1267 1120 1454 1161 vultum
1487 1119 1683 1175 angeli“.
1715 1120 1773 1162 D.

182 1194 268 1240 III.
300 1195 340 1252 3,
372 1194 401 1239 5
452 1193 651 1254 „mirum
692 1199 741 1240 et
771 1193 902 1252 illud,
952 1193 1076 1254 quod
1110 1193 1219 1240 huic
1267 1195 1458 1241 memini
1506 1195 1769 1255 contigisse.

183 1287 267 1317 vas
298 1272 503 1316 vitreum
535 1286 642 1316 cum
674 1273 789 1329 oleo,
838 1269 964 1331 quod
996 1273 1229 1317 Martinus
1260 1273 1575 1330 benedixerat,
1621 1274 1672 1317 in
1703 1273 1771 1318 fe-

183 1356 344 1395 nestra
372 1350 617 1410 paululum
660 1350 860 1396 editiore
892 1351 1152 1411 deposuit“.
1213 1353 1340 1396 Haec
1372 1357 1636 1411 temporum
1666 1368 1770 1412 per-

182 1429 383 1473 mutatio
431 1427 648 1473 Ciceroni
680 1433 727 1473 et
759 1429 834 1485 iis,
883 1429 964 1486 qui
1012 1433 1121 1474 ante
1153 1430 1425 1474 Ciceronem
1472 1430 1770 1490 scripserunt,

181 1506 359 1549 usitata
404 1505 549 1548 fuisse
595 1520 690 1548 non
737 1505 981 1562 videtur.¹)
1044 1506 1257 1549 Sallustii
1303 1507 1398 1548 iam
1445 1507 1494 1548 in
1525 1522 1613 1549 usu
1659 1511 1771 1550 erat.

182 1584 263 1629 cfr.
295 1584 401 1642 Jug.
437 1585 506 1640 70,
543 1586 563 1628 1
604 1599 713 1643 ⁷,per
743 1584 868 1628 idem
899 1570 1094 1643 tempus·
1122 1584 1370 1641 Bomilcar,
1404 1584 1535 1628 ouius
1567 1585 1794 1644 impulsu*

181 1661 426 1722 Jugurtha
456 1661 756 1720 deditionem,
790 1676 929 1721 quam
961 1666 1091 1707 metu
1124 1652 1344 1719 deseruit,
1376 1661 1614 1723 inceperat
1718 1662 1771 1709 .“.

181 1742 327 1785 Plura
356 1741 487 1785 Livii
519 1740 773 1784 laudantur
795 1741 1017 1799 exempla.
1062 1740 1144 1783 cfr.
1171 1743 1206 1796 1,
1233 1743 1269 1796 1,
1299 1745 1314 1783 1
1355 1773 1391 1798 ,,.
1409 1773 1417 1782 .
1435 1773 1444 1783 .
1464 1773 1473 1783 .
1506 1741 1616 1797 quia
1645 1741 1771 1799 pacis

181 1818 539 1877 reddendaeque
569 1819 779 1863 Helenae
821 1834 1001 1877 semper
1033 1823 1245 1862 auctores
1276 1817 1481 1874 fuerunt,
1531 1833 1667 1863 omne
1697 1819 1769 1863 ius

179 1896 293 1941 belli
323 1896 533 1941 Achivos
580 1895 906 1941 abstinuisse“.
970 1894 1119 1954 Saepe
1164 1909 1350 1953 quoque
1397 1895 1523 1954 apud
1554 1895 1769 1939 Tacitum

179 1974 423 2018 invenitur
454 1973 533 2017 hic
562 1989 685 2016 usus.
748 1973 829 2016 cfr.
862 1989 967 2016 ann.
1004 1976 1041 2027 1,
1074 1974 1133 2016 53
1168 2007 1206 2028 „.
1226 2005 1235 2015 .
1252 2005 1261 2013 .
1281 2005 1290 2015 .
1322 1973 1613 2028 litteraeque,
1656 1988 1770 2028 quas

180 2047 311 2100 Julia
356 2046 484 2109 patri
524 2046 743 2108 Augusto
791 2075 896 2098 cum
945 2045 1253 2099 insectatione
1301 2045 1479 2097 milam-ii
1511 2045 1710 2107 scripsit,
1743 2075 1770 2097 a

181 2124 392 2172 Graccho
425 2125 710 2190 compositae
741 2124 1094 2171 credebantur“.
1156 2123 1200 2170 A
1232 2123 1538 2189 scriptoribus
1570 2124 1768 2189 posteri-

180 2212 273 2253 oris
305 2212 473 2253 aetatis
505 2210 581 2252 hic
613 2224 736 2262 usus,
770 2214 1001 2263 quantum
1034 2209 1185 2262 video,
1218 2209 1397 2251 alienus
1429 2213 1512 2251 est.

324 2283 606 2346 Saepissime
657 2281 1168 2345 plusquampeifectum
1219 2281 1316 2329 vim
1369 2281 1509 2329 habet
1560 2280 1768 2344 perfecti.

179 2366 285 2408 Chr.
317 2367 352 2407 I.
385 2368 456 2420 31,
490 2369 509 2407 1
550 2364 747 2422 „quibus
778 2365 918 2406 rebus
951 2364 1155 2405 offensus
1187 2364 1315 2405 Deus
1347 2364 1639 2419 maximeque
1670 2377 1766 2406 ma-

176 2442 283 2489 litia
313 2441 570 2499 hominum,
587 2455 723 2501 quae
745 2440 872 2487 ultra
902 2439 1092 2486 modum
1118 2444 1418 2500 processerat,
1451 2439 1604 2486 delere
1635 2440 1766 2500 peni-

176 2527 255 2564 tus
285 2521 543 2563 humanum
574 2534 724 2577 genus
757 2518 1071 2562 decreverat“.
1134 2517 1240 2561 Chr.
1273 2519 1333 2561 II.
1368 2519 1436 2573 20,
1471 2519 1499 2560 2
1533 2517 1766 2576 „Mattha-

176 2599 302 2642 thias
334 2596 506 2656 oppido
529 2611 755 2653 egressus,
788 2596 949 2640 multis
971 2595 1030 2639 ad
1052 2609 1159 2639 eum
1174 2595 1535 2651 confluentibus,
1567 2596 1767 2654 speciem

176 2676 288 2721 iusti
335 2673 567 2719 exercitus
615 2672 875 2718 effecerat“.
938 2672 999 2716 M.
1035 2672 1072 2728 7,
1105 2674 1133 2716 4
1179 2677 1307 2731 „tum
1339 2688 1451 2717 vero
1498 2687 1668 2731 magna
1707 2671 1777 2717 ad*

175 2752 431 2797 Dominum
462 2765 579 2796 voce
620 2764 874 2795 conversus
921 2749 1097 2808 gratias
1129 2764 1271 2808 agens
1315 2750 1527 2795 cellulam
1566 2750 1766 2795 clamore

322 2933 357 2984 1)
384 2932 549 2981 Draeger
574 2944 601 2971 s.
628 2931 664 2971 h.
690 2930 722 2970 Ι.
748 2943 831 2981 pag.
860 2930 941 2970 258.
