1961 3279
818 103 1113 159 ψῃ..

321 243 468 304 „Ubi“
504 246 687 305 saepius
718 261 746 289 a
776 246 1010 302 Sallustio,
1057 246 1208 302 Livio,
1251 245 1415 289 Tacito
1447 260 1554 290 cum
1583 244 1753 304 imper*-

172 322 294 367 fecto
327 323 626 380 construitur,
660 323 785 381 quod
806 323 1040 382 Sulpicius
1062 324 1264 368 Severus
1294 322 1506 366 imitatus
1532 326 1615 366 est.
1646 321 1753 366 Chr.

172 400 233 444 11.
253 401 325 456 44,
348 401 376 444 3
411 400 520 459 „ubi
550 415 715 459 parum
747 400 806 444 ad
836 415 996 459 pacem
1026 399 1375 460 proficiebant“.
1409 399 1491 444 cfr.
1515 400 1623 444 Sall.
1644 400 1754 457 Jug.

174 476 244 534 35,
276 477 305 521 5
355 477 462 536 „ubi
494 492 568 522 res
614 476 926 537 postulabat“.
987 477 1093 523 Liv.
1129 480 1165 535 1,
1198 477 1269 535 58,
1301 478 1331 521 4
1382 476 1490 537 „ubi
1519 476 1754 522 videbat“.

175 555 282 599 Tac.
303 570 407 599 ann.
431 557 471 611 6,
492 556 552 600 42
587 555 693 613 „sed
723 556 806 600 ubi
837 556 961 599 diem
992 569 1049 600 ex
1080 555 1155 600 die
1185 554 1528 614 prolatabant“.
1559 555 1604 599 A
1626 555 1753 599 Cice-

173 631 300 677 ronis
330 647 500 691 genere
531 631 716 677 dicendi
753 632 830 677 hic
860 648 972 679 usus
1004 633 1192 678 omnino
1226 632 1404 678 alienus
1435 631 1625 677 videtur
1655 647 1755 677 esse

180 710 281 766 (cfr.
313 711 532 769 Draeger,
565 726 598 755 s.
629 712 674 755 h.
705 712 765 755 Π.
796 727 900 771 pag.
952 713 1073 767 594),
1121 711 1354 756 rarissime
1385 710 1508 770 apud
1558 711 1754 769 posteri-

175 801 277 832 ores
309 787 556 848 scriptores
586 788 837 834 invenitur.
1618 845 1625 852 ἡ

317 866 833 925 Plusquamperfectum
865 867 1098 925 Sulpicius
1129 867 1329 911 Severus
1362 866 1577 924 adiungit
1607 866 1753 925 parti·

147 963 150 966 Δ
174 943 306 988 culae
339 942 489 1002 „ubi“:
521 943 627 987 Chr.
649 944 709 988 H.
741 944 811 1000 38,
837 945 859 987 1
896 947 1025 1002 „tum
1056 958 1168 989 vero
1199 943 1401 1001 Arriani,
1432 943 1516 988 ubi
1545 942 1643 987 doli
1673 958 1754 1003 pa-

176 1036 281 1065 rum
326 1026 656 1081 processerant,
688 1022 738 1066 vi
769 1037 906 1079 agere
937 1021 1233 1066 decernunt“.
1271 1021 1352 1066 cfr.
1385 1022 1492 1065 Sall.
1524 1022 1623 1066 Cat.
1656 1023 1696 1078 9,
1727 1023 1756 1066 3

180 1098 288 1158 „ubi
319 1115 409 1159 pax
440 1098 700 1146 evenerat“.
748 1099 851 1144 Liv.
876 1101 914 1156 2,
938 1100 1007 1157 27,
1030 1101 1058 1145 2
1093 1098 1246 1158 „quod
1276 1099 1358 1144 ubi
1390 1133 1399 1143 .
1418 1133 1427 1143 .
1445 1133 1454 1143 .
1486 1098 1755 1143 inciderat“.

178 1177 284 1220 Tac.
317 1192 421 1221 ann.
458 1179 524 1234 13,
556 1179 616 1222 40
664 1177 772 1236 „ubi
804 1210 813 1220 .
925 1176 1236 1221 firmaverat“.
1298 1176 1373 1221 Ab
1406 1177 1621 1220 omnibus
1657 1176 1756 1221 fere

177 1255 511 1313 posterioribus
543 1255 846 1313 scriptoribus
877 1255 990 1299 haec
1020 1255 1305 1299 constructio
1337 1255 1491 1298 aliena
1520 1259 1605 1298 est.

483 1510 572 1562 De
612 1511 958 1562 enuntiatis
996 1511 1451 1575 comparativis,

321 1669 554 1727 Sulpicius
585 1670 787 1713 Severus
830 1669 1010 1713 duobus
1051 1670 1164 1712 locis
1199 1668 1407 1727 „potius“
1442 1668 1520 1712 vel
1554 1667 1754 1726 „magis“

178 1745 334 1790 omisit
366 1750 476 1790 ante
512 1745 720 1804 „quam“.
764 1746 821 1790 D.
852 1746 887 1790 Ι.
921 1747 990 1803 27,
1023 1748 1049 1791 8
1086 1761 1198 1805 „nec
1228 1760 1341 1791 vero
1374 1745 1535 1790 audita
1565 1746 1622 1790 ab
1655 1745 1758 1790 aliis

178 1837 318 1880 quam
350 1838 468 1881 quae
499 1822 600 1868 vidi
630 1823 730 1883 ipse
761 1823 970 1867 dictur-us
1006 1822 1151 1868 sum“.
1203 1824 1257 1867 Ε.
1288 1824 1374 1867 ΙΠ.
1407 1825 1435 1867 2
1470 1857 1506 1881 ,,.
1524 1857 1533 1867 .
1551 1857 1560 1866 .
1578 1856 1588 1867 .
1620 1838 1759 1881 seque

178 1896 339 1945 adhuc
360 1906 467 1945 tuos
515 1916 656 1959 quam
687 1916 813 1945 meos
846 1917 946 1945 esse
977 1901 1333 1945 meminerunt“.
1394 1902 1607 1945 Sallustii
1640 1917 1759 1959 quae

178 1978 441 2023 afferuntur
472 1979 681 2037 exempla
712 1967 931 2038 pleraque
961 1979 1141 2023 incerta
1172 1983 1295 2035 sunt,
1332 1993 1437 2023 cum
1469 1978 1548 2023 alii
1580 1978 1759 2023 codices

178 2055 401 2100 omittant
435 2055 639 2115 „magis“
673 2056 750 2100 vel
801 2054 1027 2115 „potius“,
1076 2055 1156 2100 alii
1203 2055 1390 2100 addant.
1452 2055 1647 2115 Saepius
1677 2055 1757 2099 Li-

177 2132 284 2178 vius
316 2137 363 2176 et
396 2132 587 2177 Tacitus
619 2133 688 2176 ita
717 2132 865 2177 locuti
896 2138 1018 2177 sunt.
1063 2133 1141 2177 cfr.
1171 2134 1276 2177 Liv.
1310 2134 1380 2189 23,
1412 2134 1483 2188 43,
1519 2134 1574 2176 13
1609 2132 1757 2191 „ipso-

178 2225 282 2255 rum
313 2225 453 2268 quam
473 2210 748 2255 Hannibalis
770 2210 1004 2268 interesse,
1037 2215 1176 2270 capta
1206 2227 1267 2255 an
1290 2210 1466 2255 tradita
1485 2210 1604 2255 'Nola
1634 2210 1757 2269 poti-

178 2287 346 2331 retur“.
410 2288 515 2332 Tac.
549 2303 653 2331 ann.
688 2291 725 2345 1,
759 2289 815 2333 58
851 2303 1039 2348 „pacem
1071 2303 1212 2346 quam
1256 2288 1431 2333 bellum
1462 2286 1757 2347 probabam“.

1791 2414 1828 2442 s
